1536 2526
743 210 782 240 19

247 322 395 362 Πκρέσχε
433 320 464 351 δὲ
495 319 546 350 καὶ
580 318 592 349 o'
626 318 775 357 Φρύνιχος
809 317 917 348 §.aurea
955 315 1080 347 πάντων
1115 314 1322 354 διαφερόντως

202 379 436 422 προθυμότατον
470 380 500 415 ἐς
535 379 590 414 τὴν
623 376 815 416 ὀλιγαρχίαν
843 375 944 410 δεδιὼς
968 375 1020 406 τὸν
1045 374 1323 412 ’Λλκιβιάδηνηη

203 440 369 482 νομίζων
405 440 475 472 οὐκ
510 438 553 470 ἄν
590 449 684 469 ποτε
722 436 843 468 αὑτὸν
885 435 994 467 uxr&
1037 436 1078 467 τὸ
1123 435 1228 469 εἰκὸς
1266 436 1323 467 ὑπ’

204 500 460 539 ὀλιγαρχίας
493 497 734 530 κατελθεῖν.

249 561 351 602 Atque
386 559 429 591 ita
465 558 629 602 opinantur
659 555 854 599 Phrynichus
883 560 913 588 et
941 555 1006 587 eius
1029 554 1161 595 similes,
1187 554 1326 587 homines

205 619 258 662 qui
289 619 338 651 vel
369 618 478 651 Grotio
509 617 617 649 melius
641 616 678 648 tle
701 615 856 659 republica
879 614 1058 647 Atheniensi
1084 614 1219 647 iudicare
1243 619 1326 657 pote-

205 681 283 711 rant.
318 677 431 710 Nonne
455 677 525 709 hinc
549 677 623 709 satis
646 679 787 719 apparet,
811 675 973 718 optimates
995 674 1075 717 ipsos
1100 674 1247 713 sensisse,
1271 674 1325 706 Al·

205 737 353 770 cibiadem
386 741 447 769 tam
483 748 550 768 acre
583 747 655 779 erga
686 747 717 768 se
747 735 808 767 imo
837 738 958 778 pectore
992 746 1110 766 servare
1134 734 1257 774 odium,
1291 738 1324 765 ut

207 796 281 829 illud
316 796 433 829 nullum
465 799 586 840 tempus
614 795 712 828 delere
746 795 870 837 posset?
904 794 944 826 Et
969 798 1021 837 qui
1046 795 1089 826 ita
1112 795 1223 827 sentire
1247 799 1330 838 pote-

207 860 292 897 rant,
317 857 343 888 si
366 856 481 889 nullius
505 867 575 899 erga
599 866 666 888 eum
691 855 798 898 culpae
822 854 879 886 sibi
903 854 1017 886 conscii
1041 854 1162 886 essent?
1186 853 1329 896 Namque

208 917 270 956 illi,
303 917 356 959 qui
389 916 521 959 partium
550 915 740 958 popularium
765 918 866 953 erant,
891 925 1075 955 quamquam
1099 913 1234 945 sciebant
1257 924 1330 946 suos

208 977 299 1009 duces
323 988 384 1009 non
406 979 476 1008 ante
501 975 612 1008 multos
636 986 730 1007 annos
753 985 872 1006 omnem
895 973 1027 1016 lapidem
1049 973 1193 1014 movisse,
1218 977 1249 1005 et
1267 984 1330 1006 om-

208 1036 299 1069 nibus
322 1036 420 1068 modis
442 1035 589 1079 populum
614 1035 771 1073 incitasse,
798 1038 833 1067 ut
856 1033 1032 1066 Alcibiades
1061 1033 1329 1073 condemnaretur,

208 1099 310 1128 tamen
346 1107 463 1139 sperare
499 1098 654 1138 poterant,
685 1105 716 1126 se
747 1093 828 1126 facili
862 1093 985 1136 negotio
1017 1104 1087 1125 cum
1117 1093 1276 1125 Alcibiade
1298 1093 1331 1125 in

208 1156 337 1199 gratiam
361 1155 526 1187 redituros:
563 1153 771 1192 ’Λλκιβιαέδην
803 1165 858 1189 τε,
895 1153 928 1190 ἣν
965 1154 1049 1192 αὐτῷ
1079 1151 1187 1185 ἄδειάν
1215 1165 1250 1186 τε
1276 1153 1328 1186 xxi

209 1214 332 1248 κάθοδον
362 1215 539 1254 ποιήσωσιν,
566 1213 701 1253 ἄσμενον
737 1214 793 1249 τὴν
828 1214 915 1253 παρὰ
951 1213 1109 1252 fixo-micae
1135 1214 1329 1254 ξυμμαχίαν

209 1274 364 1316 παρέξειν.
403 1275 510 1318 (Thuc.
536 1274 634 1313 VIII,
662 1276 700 1307 76
732 1285 837 1306 versus
864 1274 979 1316 finem).
1027 1274 1107 1314 Quis
1135 1286 1196 1307 non
1220 1275 1333 1318 perspi-

210 1336 253 1368 cit
287 1335 487 1379 demagogos,
523 1338 758 1377 quantacunque
793 1345 896 1367 eorum
928 1335 959 1367 in
992 1334 1181 1367 Alcibiadem
1214 1334 1331 1367 invidia

211 1395 334 1436 fuisset,
369 1406 460 1438 quam
491 1394 624 1427 maximo
648 1394 776 1427 clamore
799 1394 902 1427 testati
927 1398 1028 1434 eraut,
1065 1395 1176 1427 inscios
1211 1397 1331 1426 tantum

211 1454 276 1488 illas
304 1455 336 1487 in
367 1466 436 1488 eum
466 1454 620 1488 machinas
651 1455 837 1494 admovisse,
868 1465 944 1497 quas
971 1455 1151 1498 optimates,
1182 1454 1236 1496 qui
1261 1465 1329 1487 cum

211 1514 370 1548 Alcibiade
400 1515 433 1548 iu
462 1526 523 1548 una
551 1515 675 1548 civitate
705 1515 805 1547 vivere
833 1525 866 1547 se
895 1525 957 1547 non
987 1525 1076 1558 posse
1098 1513 1330 1558 intelligebant,

212 1575 410 1618 paraverant?

257 1634 353 1667 Aliud
387 1637 615 1678 argumentum,
651 1645 711 1676 quo
742 1645 793 1666 eos
823 1633 955 1666 refellere
979 1633 1095 1674 solent,
1131 1633 1184 1676 qui
1220 1633 1331 1676 primas

213 1698 315 1738 partes
337 1695 536 1738 optimatibus
559 1694 718 1735 tribuunt,
744 1694 800 1726 hoc
824 1698 888 1734 est,
912 1693 995 1736 quod
1018 1693 1080 1733 illi,
1105 1704 1182 1735 quos
1204 1704 1241 1726 ex
1269 1693 1332 1725 An-

213 1754 320 1787 docide
346 1755 486 1788 novimus
517 1757 614 1787 morte
644 1765 699 1786 sua
730 1753 896 1797 impietatis
926 1764 1036 1796 poenas
1063 1753 1195 1794 dedisse,
1227 1764 1330 1785 omnes

213 1813 354 1847 homines
375 1813 492 1847 nobiles
515 1814 650 1847 fuerunt.
688 1813 750 1846 Hic
773 1813 849 1846 mihi
872 1814 1004 1858 primum
1028 1813 1104 1847 illud
1127 1814 1330 1853 monendum,

214 1873 296 1916 quod
319 1885 485 1916 numquam
509 1874 583 1906 satis
606 1874 791 1906 observatur.
819 1873 1001 1917 Saepissime
1023 1873 1262 1906 demonstratum
1283 1876 1330 1906 est

214 1945 306 1975 quam
328 1933 369 1966 sit
391 1933 525 1966 sublesta
546 1934 620 1967 fides
633 1933 808 1967 Andocidis.
832 1933 933 1966 Nemo
952 1933 1147 1974 contradicit,
1171 1937 1272 1966 tamen
1292 1932 1331 1965 ad

214 2004 309 2025 unum
334 2004 438 2026 omnes
461 1993 627 2033 Historici,
661 1993 713 2026 ubi
741 1993 778 2025 de
807 1993 899 2026 huius
923 1993 1066 2036 temporis
1089 1993 1214 2026 historia
1240 2003 1332 2036 expo-

214 2056 309 2093 nunt,
333 2064 394 2085 uno
419 2053 576 2086 Andocide
598 2053 749 2093 nituntur,
777 2064 905 2095 eumque
937 2053 1024 2094 quasi
1052 2053 1254 2085 certissimum
1280 2053 1334 2085 du-

216 2124 280 2145 cem
304 2115 482 2154 sequuntur.
529 2113 604 2145 Mox
632 2113 771 2156 graviora
797 2112 932 2155 exempla
964 2114 1140 2151 afferemus,
1171 2124 1252 2145 nunc
1276 2113 1333 2144 lio(-

1158 2173 1202 2203 25*
