1536 2526
746 227 786 257 30

214 334 307 376 magis
331 344 425 365 novae
449 338 521 365 aunt
544 344 634 375 quum
658 344 710 372 ea,
735 344 811 375 quae
836 334 866 365 in
901 333 1146 375 praecedentibus
1169 334 1206 365 de
1230 333 1322 372 viris,

213 403 339 434 quorum
374 392 455 434 apud
492 392 676 424 Andocidem
713 393 835 424 nomina
877 392 1026 435 leguntur,
1068 393 1231 432 annotavi,
1274 391 1325 424 sed

216 451 312 483 multo
343 452 484 483 maiorem
515 463 616 483 earum
649 455 762 494 partem
793 452 851 483 iam
883 455 952 483 ante
977 463 1023 483 me
1047 451 1184 484 Naberus
1210 451 1326 493 aliique

214 510 419 542 observarunt.
465 509 616 550 Quoniam
649 521 718 541 vcro
756 510 830 542 mihi
866 510 897 541 id
931 510 1133 542 demonstrare
1164 510 1326 553 proposui,

215 570 245 602 in
270 569 395 612 legendo
418 573 450 602 et
472 569 647 612 explicando
671 569 846 611 Thucydide
870 569 946 600 nihil
972 580 1028 600 nos
1052 569 1158 600 morari
1188 572 1327 611 oportere

216 628 382 660 Andocidis
408 629 634 665 auctoritatem,
663 639 721 660 non
752 628 862 659 inutile
892 639 938 659 me
969 638 1046 670 opus
1079 628 1174 659 facere
1198 627 1328 660 arbitror

214 687 259 725 si,
291 691 438 728 quantum
462 687 524 718 fieri
549 687 665 729 possit,
698 687 800 718 omnia
833 697 867 718 ea
901 686 1041 728 colligam
1077 690 1108 718 et
1139 686 1196 718 sub
1231 697 1326 719 unum

216 746 283 778 dem
309 750 522 788 conspectum,
547 757 623 788 quae
646 746 727 788 apud
751 748 898 777 oratorem
923 745 982 777 fide
1006 745 1132 787 indigna
1158 745 1328 778 videantur.

263 805 361 837 Verba
384 805 570 848 Thucydidis
593 809 679 837 suut:
715 804 870 843 μεγάλοις
899 803 1062 843 amuda-‘2014
1087 801 1168 836 οὗτοί
1197 805 1234 847 (οἱ
1260 805 1326 844 'Ep-

216 864 396 906 μοκοπίδαιι)
428 876 463 896 τε
495 865 672 905 ἐζῃτοῦντο,
706 865 758 896 xxi
789 864 908 903 προςέτι
937 863 1139 903 ἐψηφίσαντο
1174 864 1226 896 καὶ
1252 864 1327 900 εἴτις

216 924 297 956 ἄλλο
321 936 351 956 τι
376 922 451 955 οἶδεν
476 923 629 962 ἀσέβημκ
665 924 873 962 γεγενημένον
909 923 1034 961 μηνύειν
1061 924 1156 959 ἀδεῶς
1180 923 1232 956 τὲν
1255 923 1330 962 βου·

217 984 344 1022 λόμενον
369 983 422 1014 xx}
445 983 536 1021 ξένων
556 983 608 1014 καὶ
630 983 732 1014 ἀστῶν
755 983 807 1014 xxi
834 983 958 1014 δούλων.
1006 983 1044 1014 In
1068 983 1235 1014 univercum
1258 993 1331 1025 ergo

217 1057 234 1076 a
259 1043 368 1086 populo
392 1043 556 1085 impunitas
579 1042 824 1084 promittebatur,
847 1042 872 1073 si
897 1041 966 1084 quis
996 1041 1033 1073 de
1064 1041 1171 1083 quavis
1199 1041 1331 1074 admissa

216 1103 370 1145 impietate
393 1101 508 1143 aliquid
536 1101 691 1140 edoceret,
722 1105 827 1143 estque
859 1113 893 1132 ea
917 1111 963 1132 res
986 1111 1038 1143 per
1061 1111 1092 1132 se
1123 1101 1197 1132 satis
1224 1100 1331 1143 proba-

218 1162 296 1194 bilis.
343 1161 427 1202 Quid
449 1165 547 1193 autem
574 1160 766 1192 Andocides?
811 1159 1024 1192 Andromacho
1055 1170 1141 1192 servo
1167 1159 1332 1202 impunito—

220 1226 281 1254 tem
299 1221 465 1254 decernunt
484 1222 508 1252 οὶ
530 1220 722 1259 μεμυημένοι
737 1219 931 1261 (antecedunt
951 1219 1031 1251 enim
1046 1219 1064 1261 ᾗ
1079 1220 1130 1251 12⁸·
1144 1218 1243 1252 verbis
1262 1219 1330 1252 ἐπεὶ

220 1282 246 1313 δ’
262 1282 459 1321 ἐψηφίσαντο
480 1281 564 1320 αὐτῷ
585 1281 640 1316 τὴν
656 1279 762 1311 ἄδειαν
782 1279 869 1312 haec:
892 1279 976 1318 ἔδοξε
991 1283 1054 1315 τοῖς
1072 1278 1241 1319 πρυτάνεσι
1258 1279 1331 1315 τοὺς

221 1342 378 1380 ἀμυήτους
394 1341 681 1381 μετκστήσοισθαι),
702 1343 732 1371 et
744 1339 858 1372 Teucer
878 1340 907 1382 (ᾗ
929 1340 993 1381 15·)
1012 1350 1072 1371 non
1094 1339 1152 1371 nisi
1174 1339 1333 1382 impetrato

222 1413 238 1433 a
254 1405 361 1433 senatu
378 1401 558 1444 impunitate
572 1399 691 1442 (ἄδειαν
710 1398 880 1441 εὑρόμενος)
901 1398 1084 1440 ἀπογράφει
1102 1399 1172 1435 τοὺς
1189 1399 1331 1438 ,afflav-

222 1464 287 1492 τοῦ.
324 1460 422 1501 Quam
442 1459 550 1492 inutile
569 1462 646 1492 esset
661 1459 813 1491 decretum
836 1459 956 1502 populi,
978 1459 1003 1490 si
1027 1459 1060 1491 in
1083 1459 1213 1502 singulis
1236 1458 1335 1491 causis

222 1521 332 1553 iterum
364 1520 401 1552 de
432 1531 468 1552 eo
496 1523 574 1552 esset
598 1519 833 1551 decernendum!
879 1519 920 1550 Et
943 1518 1018 1560 quid
1042 1518 1255 1551 Andromacho
1277 1519 1336 1552 im-

224 1580 362 1623 punitate
378 1590 453 1622 opua
471 1583 550 1619 erat,
571 1579 623 1621 qui
636 1578 846 1611 tantummodo
859 1578 1018 1617 adfuisset,
1040 1577 1093 1610 sed
1105 1577 1183 1610 nihil
1197 1578 1331 1618 fecisset,

225 1639 306 1682 quod
320 1651 415 1682 poena
432 1638 556 1682 dignum
571 1639 668 1671 esset?
705 1638 767 1670 Hie
791 1638 865 1670 mihi
889 1638 963 1670 illud
987 1641 1198 1682 argumentum
1221 1637 1334 1681 opponi

225 1702 340 1742 potest,
377 1699 434 1741 ipsi
469 1709 590 1741 quoque
616 1697 783 1737 Andocidi,
819 1701 855 1730 ut
889 1697 952 1741 ipse
986 1698 1030 1730 ait
1065 1697 1096 1730 in
1129 1697 1263 1730 oratione
1297 1696 1335 1730 de

227 1759 323 1791 reditu
358 1769 413 1790 suo
449 1759 556 1800 §232
593 1758 804 1800 impunitatem
840 1769 877 1790 cx
912 1769 948 1790 eo
977 1757 1096 1790 decreto
1125 1758 1224 1791 datam
1254 1768 1334 1798 esse,

227 1818 309 1861 quod
332 1818 475 1850 suasisset
498 1817 678 1860 Menippus,
702 1829 799 1859 neque
822 1818 885 1849 fleri
905 1829 991 1860 posse
1015 1821 1050 1849 ut
1073 1821 1174 1850 orator
1197 1817 1239 1850 ibi
1262 1828 1337 1860 quo-

227 1890 286 1922 que
309 1889 326 1910 a
349 1888 419 1910 vero
443 1877 573 1916 aberret,
598 1877 711 1919 quippe
735 1877 786 1919 qui
815 1877 918 1909 statim
941 1877 1016 1909 illud
1041 1877 1193 1910 decretum
1216 1875 1338 1910 recitari

229 1937 340 1969 iubeat.
387 1936 446 1969 Sed
486 1937 608 1968 interest
643 1936 758 1978 aliquid
794 1936 871 1969 inter
907 1936 1014 1969 Teucri
1052 1947 1171 1969 eausam
1208 1940 1239 1969 et
1277 1937 1340 1969 Aa·

228 1997 354 2029 «lucidis.
401 1995 453 2027 Ille
473 1999 578 2038 sponte
601 2007 655 2027 sua
688 1996 822 2028 Athenas
845 1995 987 2036 redierat,
1011 2000 1057 2035 et,
1083 2007 1175 2039 quum
1199 1996 1280 2029 nulla
1301 1996 1339 2029 de

229 2068 265 2088 eo
295 2059 371 2087 esset
399 2055 445 2087 vel
469 2054 579 2086 delatio
607 2055 652 2086 vel
683 2055 835 2098 suspicio,
860 2067 891 2087 se
918 2059 949 2087 et
972 2055 1047 2088 alios
1071 2056 1233 2089 nonnullos
1262 2055 1341 2088 indi-

232 2119 361 2148 caverat.
393 2115 423 2147 Si
448 2115 492 2147 illi
521 2126 591 2158 ergo
616 2114 758 2157 peculiari
787 2115 977 2157 impunitatis
1000 2115 1121 2148 decreto
1145 2127 1222 2158 opua
1244 2118 1342 2155 esset,
