1536 2526
700 163 734 193 5]

145 270 224 310 dixi,
249 271 346 302 multo
370 270 468 312 magis
491 281 506 302 e
531 271 625 302 totius
653 270 800 302 orationis
828 273 993 313 conspectu
1023 271 1163 312 apparet,
1194 276 1254 298 non

145 329 280 372 potuisse
302 328 362 360 tale
385 340 460 370 opus
486 340 502 360 e
527 329 653 360 rhetoris
678 328 851 360 umbraculo
877 328 1043 371 provenire.
1089 326 1167 367 Quis
1191 336 1254 358 cre-

143 387 212 420 dere
237 388 350 430 possit,
375 387 522 419 rhetorem
547 398 667 418 causam
692 393 752 418 tam
777 387 952 419 intracatam
977 388 1013 419 de
1036 398 1090 419 suo
1114 386 1253 423 finxisse,

142 450 173 478 et
200 446 236 478 de
259 458 295 479 ea
319 446 408 478 talem
432 446 586 488 scripsisse
610 446 794 485 orationem,
827 457 904 487 quae
927 457 1022 488 quum
1047 446 1159 488 optime
1183 455 1255 476 vero

142 505 255 537 iudicio
286 509 316 537 et
348 516 397 537 reo
427 516 494 537 vere
524 505 640 537 instans
674 505 840 548 periculum
871 505 1043 536 defendenti
1076 503 1253 541 conveniat,

143 564 203 596 scre
227 564 302 596 nihil
325 564 434 596 habeat
457 575 517 605 quo
543 564 669 606 posteris
693 564 854 596 lectoribus
886 563 1132 595 commendetur?
1179 562 1251 593 Non

141 623 220 654 enim
244 623 324 654 locos
346 622 437 654 habet
460 633 649 661 communes,
673 622 782 654 callido
805 622 934 654 artificio
957 622 1158 664 compositos,
1183 631 1256 663 qua-

142 682 184 713 les
215 682 363 723 imprimis
391 681 428 713 ab
459 682 532 713 artis
561 682 708 713 oratoriae
736 681 880 724 magistro
912 681 958 713 vel
989 680 1138 723 discipulo
1170 682 1256 711 crant

141 740 330 782 expectandi.
377 740 487 772 Omnia
516 740 648 783 produnt
678 745 823 772 oratorem
851 740 882 772 in
915 741 980 772 foro
1009 751 1114 782 parum
1142 739 1255 772 exerci-

142 803 257 838 tatum,
282 799 334 830 sed
358 800 534 831 necessitate
558 802 714 837 coactum,
748 803 782 830 ut
808 798 942 831 iudicum
966 799 1083 830 animos
1107 798 1256 830 movendo

141 869 156 889 e
185 857 293 900 capitis
317 857 450 899 periculo
473 857 594 897 evadat3
619 857 856 890 adversariorum
890 858 981 890 malas
1008 861 1101 896 artes,
1133 869 1186 889 sua
1211 857 1256 889 in-

141 915 298 948 commoda
333 920 424 958 atque
460 917 610 956 miserias,
655 921 715 948 tam
757 920 895 949 accurate
932 916 1077 948 describit
1112 920 1147 948 ut
1181 915 1256 947 nihil

139 975 278 1012 omittat,
303 975 386 1017 quod
410 975 550 1018 prodesse
575 976 686 1017 possit3
719 976 799 1017 quod
831 976 950 1008 dicendi
981 987 1096 1018 genus,
1127 976 1153 1007 si
1185 975 1255 1017 quis

139 1038 258 1067 censeat
281 1045 461 1076 quemquam
487 1034 598 1066 imitari
622 1035 773 1077 potuisse,
807 1035 860 1076 qui
892 1035 980 1067 rebus
1006 1035 1101 1077 gestis
1124 1045 1186 1067 non
1210 1034 1258 1066 in-

139 1094 311 1131 terfuisset,
332 1093 359 1125 ei
380 1093 482 1125 licebit
502 1098 531 1124 et
553 1093 590 1125 de
615 1093 760 1125 orationis
775 1095 847 1125 κατ’
871 1094 1105 1133 Ἐρκτεσθένσυς
1132 1096 1253 1126 auctore

139 1152 286 1184 dubitare.
332 1152 416 1192 Quin
452 1152 542 1184 etiam
586 1152 722 1195 plerique
757 1152 798 1184 illi
834 1153 866 1184 in
901 1153 1027 1185 historia
1062 1164 1176 1186 errores
1214 1152 1252 1185 ab

138 1214 254 1243 oratore
284 1211 433 1243 committi
466 1215 646 1253 potuerunt,
678 1211 731 1253 qui
764 1222 823 1243 non
859 1211 956 1244 solum
992 1211 1039 1251 id,
1075 1211 1157 1253 quod
1195 1211 1253 1243 sibi

139 1281 246 1302 nocere
276 1270 388 1313 possit,
420 1274 518 1302 mutat
546 1274 577 1302 et
604 1270 635 1302 in
664 1281 752 1302 suum
781 1271 971 1303 commodum
1000 1271 1176 1313 detorquet,
1201 1271 1252 1303 sed

138 1333 169 1362 et
199 1329 236 1362 de
266 1332 331 1362 tota
361 1329 486 1362 historia
518 1334 577 1362 tam
610 1341 731 1362 securus
758 1334 821 1370 est,
859 1334 893 1362 ut
925 1342 960 1363 ea
983 1330 1156 1363 describens
1176 1341 1253 1372 quae

138 1389 176 1420 ad
220 1399 282 1421 rem
322 1389 421 1420 minus
459 1389 612 1428 attinent,
652 1389 780 1421 ridicula
821 1389 882 1421 sibi
921 1389 1077 1422 mendacia
1116 1389 1253 1422 excidere

140 1447 283 1490 patiatur.
340 1447 528 1479 Alienissimi
571 1458 639 1478 vero
680 1447 720 1479 illi
762 1459 875 1480 errores
916 1451 988 1479 sunt
1026 1448 1064 1480 ab
1102 1460 1155 1487 eo,
1198 1448 1251 1490 qui

139 1508 176 1539 de
212 1507 281 1539 ficta
315 1517 404 1537 causa
438 1506 604 1538 orationem
639 1506 796 1538 scribendo
829 1507 996 1539 doctrinam
1032 1511 1063 1539 et
1093 1507 1248 1550 ingenium

139 1576 228 1597 suum
262 1567 412 1597 ostentare
447 1564 520 1596 velit
531 1577 539 1603 ς
578 1564 647 1596 talis
686 1565 776 1596 homo
812 1576 872 1597 non
911 1566 1080 1608 scripsisset
1117 1565 1252 1598 Alcibia-

139 1624 207 1656 dem
237 1626 283 1656 ter
309 1623 438 1666 fugisse,
474 1623 548 1655 alios
583 1623 630 1655 bis
661 1623 777 1655 occisos
806 1624 853 1656 vel
887 1623 933 1656 bis
967 1625 998 1656 in
1033 1625 1158 1658 exilium
1187 1625 1251 1668 pul—

139 1694 188 1715 sos
211 1693 285 1715 esse.

182 1800 315 1834 Tandem
345 1811 397 1840 eo,
434 1800 514 1832 unde
542 1810 611 1831 sum
645 1799 816 1842 digressuS,
850 1803 993 1832 revertor.
1037 1800 1250 1833 Demonstravi

139 1860 303 1893 emtionem
326 1859 394 1899 περὶ
419 1860 478 1890 τῶν
499 1858 672 1898 μυστηρίων
697 1859 863 1901 genuinum
885 1870 948 1891 esse
965 1859 1133 1892 Andocidis
1157 1871 1252 1903 opus;

139 1929 321 1962 quamquam
355 1918 404 1950 vix
436 1929 471 1950 ea
499 1917 755 1950 demonstratione
785 1928 860 1960 opus
888 1922 969 1955 erat,
1000 1929 1067 1950 nam
1099 1918 1189 1950 credo
1213 1929 1251 1951 nc

139 1978 238 2020 ipsum
273 1976 395 2019 quidem
429 1976 588 2008 Naberum
617 1975 675 2007 hoc
709 1979 844 2019 tempore
878 1977 1061 2009 contrarium
1095 1977 1253 2010 defendere

140 2036 227 2069 velle.
262 2035 364 2068 Scatet
387 2038 487 2067 tamen
510 2035 608 2066 oratio
632 2033 818 2073 mendaciis,
841 2038 871 2067 et
891 2036 1077 2068 narrationes
1097 2036 1254 2079 pleraeque
