1536 2526
699 192 738 223 37

165 304 230 332 tum
263 311 338 342 opus
367 311 447 338 esse,
472 311 523 331 sex
548 303 617 342 post
640 301 727 331 annis
752 312 768 331 a
793 299 980 331 Kirchhoffio
1004 299 1044 330 sit
1074 295 1212 329 adhibita
1243 294 1280 326 ad

164 370 230 391 eam
256 359 407 391 Andocidi
434 359 654 391 vindicandam.
692 359 805 390 Verum
826 359 966 400 equidem
987 369 1024 390 ne
1042 355 1194 400 prioribus
1214 354 1280 396 qui-

164 419 231 450 dem
255 417 433 450 Kirchlioffii
457 418 644 459 argumentis
668 420 744 449 utar.
792 417 850 449 Illa
873 418 955 449 enim
978 417 1098 449 decreta
1121 415 1152 447 in
1176 417 1281 446 nostra

164 488 253 510 causa
282 477 363 509 nihil
393 476 516 519 probare
545 476 705 508 contendo.
741 476 876 519 Nempe,
907 477 934 508 si
963 475 1066 508 eadem
1097 478 1142 506 est
1165 472 1281 506 Naberi

164 536 315 569 sententia
339 536 376 568 de
400 540 502 568 nostra
521 535 674 575 oratione,
695 547 784 578 quam
805 535 842 567 de
862 536 997 567 oratione
1016 534 1084 574 περὶ
1098 537 1154 570 τῆς
1168 533 1280 564 ἑαυτοῦ

164 595 290 628 καθόδου
316 596 346 627 in
366 595 566 637 Mnemosyne
584 596 755 638 proposuit,
781 595 878 627 oratio
897 595 934 627 de
955 594 1106 637 mysteriis
1126 594 1158 625 in
1178 591 1282 624 schola

163 654 309 687 Isocratis
339 666 356 686 a
387 654 535 697 discipulo
567 655 698 696 quodam
732 655 810 686 faeta
834 655 902 687 erit.
942 653 1041 696 Atqui
1073 652 1280 685 Kirchhoffius

164 714 270 751 docet,
306 714 460 756 praeconis
496 725 605 745 munus
642 714 673 745 in
709 717 798 756 gente
824 713 927 745 Euelis
962 725 979 745 a
1013 715 1098 755 patre
1121 712 1158 744 ad
1182 712 1280 743 filium

165 773 320 805 transiisse
353 784 406 816 per
436 776 552 804 tantam
584 773 688 804 seriem
722 783 884 810 annorum,
911 776 946 804 ut
969 772 1060 804 etiam
1084 770 1135 803 01.
1162 772 1235 810 123,
1262 771 1281 801 2

166 834 242 874 (286
267 844 294 864 a.
319 831 390 864 Chr.
415 833 458 874 n.)
493 831 600 863 Eucles
643 831 768 873 quidam
802 831 945 863 Philoclis
976 831 1056 863 filius
1087 841 1195 873 praeco
1226 833 1282 865 τῆς

165 892 282 930 βουλῆς
308 892 360 923 καὶ
385 894 440 923 τοῦ
465 891 561 929 δήμου
585 891 764 934 reperiatur.
800 890 880 933 Ergo
909 891 955 922 vel
984 893 1053 933 post
1076 889 1283 922 Alexandrum

164 962 308 994 magnum
338 951 544 993 unusquisque
568 950 669 982 rhetor
692 950 814 982 novisse
838 953 972 992 poterat,
1006 953 1105 981 stante
1130 948 1283 991 republica

164 1010 344 1043 Atheniensi
368 1021 543 1054 praeconem
570 1010 693 1042 Euclem
720 1010 823 1042 fuisse.

207 1130 290 1162 Haec
314 1131 507 1173 praemonui,
536 1141 572 1162 ne
596 1130 806 1172 gravissimum
833 1132 1049 1172 argumentum
1072 1129 1210 1171 ignorare
1235 1128 1280 1159 vi-

160 1190 262 1228 derer;
293 1190 416 1221 minime
449 1201 518 1222 vero
543 1201 604 1231 quo
629 1201 698 1221 cum
721 1189 845 1221 Nabero
870 1188 988 1220 faciam.
1023 1189 1133 1220 Fateor
1156 1187 1279 1230 quidem

161 1248 253 1281 fuisse
284 1252 420 1291 tempus,
452 1260 513 1290 quo
544 1253 575 1281 et
604 1249 668 1291 ipse
698 1248 736 1280 de
767 1248 912 1279 orationis
937 1251 1059 1279 auctore
1090 1246 1277 1287 dubitarem,

160 1311 191 1339 et
213 1307 328 1340 Naberi
353 1308 537 1351 argumentis
561 1311 663 1340 motus
688 1327 727 1331 —
753 1319 881 1349 quorum
906 1319 973 1350 pars
996 1307 1055 1339 iam
1080 1318 1111 1338 se
1131 1306 1207 1338 mihi
1226 1305 1278 1337 ob-'

161 1366 286 1406 tulerat,
318 1367 453 1399 nondum
484 1367 562 1399 lecta
591 1367 656 1398 eius
686 1367 898 1398 dissertatione
918 1385 970 1405 —-,
1000 1369 1031 1397 et
1053 1366 1092 1397 iis
1114 1365 1274 1405 simplam,

161 1436 238 1467 quas
268 1425 331 1468 ipse
363 1426 442 1458 inter
471 1426 631 1469 legendum
655 1426 792 1458 feceram.
827 1425 958 1464 Verum,
984 1437 1045 1467 quo
1069 1426 1189 1467 saepius
1212 1436 1277 1457 ora-

160 1484 274 1516 tionem
305 1484 489 1527 relegebam,
524 1496 560 1517 eo
595 1485 690 1527 magis
728 1485 803 1517 mihi
833 1484 1067 1526 persuadebatur
1098 1495 1158 1516 non
1188 1495 1275 1526 posse

159 1543 326 1575 orationem
362 1555 426 1575 esse
461 1555 520 1576 non
551 1545 723 1587 genuinam.
759 1543 862 1575 Meum
894 1555 965 1586 ergo
988 1544 1048 1575 iam
1072 1543 1129 1575 erit
1153 1543 1273 1575 demon-

158 1609 267 1644 strare,
304 1604 456 1646 quomodo
486 1604 552 1646 ipse
582 1615 646 1635 mea
675 1607 852 1646 argumenta
883 1603 1087 1636 refutaverim.
1123 1603 1181 1634 Sed
1204 1607 1273 1634 ante

159 1664 232 1695 mihi
267 1663 304 1695 de
335 1662 450 1694 duabus
478 1662 601 1704 reliquis
632 1662 819 1694 orationibus
849 1662 1010 1694 dicendum
1041 1662 1112 1701 erit,
1144 1673 1271 1704 quarum

158 1733 248 1754 causa
267 1733 337 1754 cum
356 1726 458 1754 nostra
477 1722 652 1764 quaestione
670 1726 714 1753 est
727 1721 985 1754 coniunctissima.
1010 1721 1177 1763 Utriusque
1190 1721 1270 1753 enim

158 1781 319 1820 orationis,
340 1781 479 1823 quamvis
496 1792 549 1823 pro
562 1787 696 1823 tempore
708 1784 738 1813 et
751 1792 839 1812 causa
852 1780 957 1812 multis
969 1779 1145 1812 nominibus
1157 1781 1194 1812 ab
1207 1792 1272 1812 om-

158 1840 241 1872 tione
257 1840 294 1872 de
311 1840 459 1881 mysteriis
475 1839 615 1872 recedant
632 1845 662 1872 et
678 1840 834 1879 differant,
852 1843 953 1871 tamen
980 1840 1006 1871 si
1023 1843 1120 1871 totum
1139 1843 1270 1882 spectes,

158 1910 249 1931 unam
262 1898 447 1940 eandemque
460 1899 590 1931 indolem
603 1898 742 1931 observes
754 1910 872 1931 necesse
885 1902 939 1930 est.
965 1898 1045 1929 Satis
1058 1898 1113 1930 erit
1127 1899 1269 1930 lectorem

156 1958 302 2000 relegasse
321 1957 357 1989 ad
375 1957 486 1989 Blassii
507 1957 616 1990 librum
639 1969 706 1990 vere
725 1969 848 1990 aureum
869 1958 906 1990 de
923 1958 1095 2000 eloquentia
1117 1959 1219 1991 Attica
1235 1959 1272 2000 ¹).

193 2086 212 2118 ¹)
241 2082 302 2111 Vol.
322 2083 345 2111 Ι.
364 2092 408 2119 pp.
428 2084 479 2111 318
499 2092 533 2110 en
551 2083 612 2110 324.
