1536 2526
754 219 794 247 21·

218 324 355 365 suppli-rc
386 324 435 354 scd
468 323 638 365 depravare.
680 323 740 363 Qui
773 324 851 356 enim
883 325 1001 367 longius
1030 325 1171 367 temporie
1194 326 1325 367 spatium

219 382 296 413 inter
321 383 471 414 funestum
490 382 565 414 illud
586 383 739 415 decretum
761 388 791 415 et
810 384 937 426 primam
954 383 1214 416 denunciationem
1235 384 1325 416 inter-

217 441 341 472 cessisse
375 440 579 480 contendunt,
616 441 780 473 Andocidis
816 442 992 474 auctoritati
1025 453 1088 474 sese
1118 442 1250 482 dedunt,
1282 444 1323 475 ita

217 500 377 539 narrantis,
409 499 611 542 Pytlionieuni
644 501 774 532 indicem
797 501 834 532 nd
863 501 1006 543 populum
1037 502 1198 544 prodiisse,
1230 513 1323 544 quuin

217 560 275 591 iam
288 559 390 591 classis
410 559 440 590 in
461 570 496 590 eo
513 563 590 591 esset
607 564 639 591 ut
654 560 719 591 vela
732 560 832 599 daret,
852 560 960 592 deinde
973 564 1086 592 eeteros
1099 561 1212 593 indices
1224 572 1323 593 recen-

215 619 325 657 sentis,
343 618 393 649 sed
407 618 459 660 qui
476 622 546 649 ante
558 618 760 660 Pytlionicum
776 618 953 650 indicaverit
966 619 1150 651 nominantis
1163 621 1324 654 neminem.

215 677 378 719 Quumque
401 677 474 708 satis
499 677 692 719 probnbilitcr
711 677 882 719 Droysenus
906 677 986 709 illius
1005 679 1147 720 temporis
1165 679 1324 712 chronolo-

213 736 294 778 giam
315 736 356 767 ita
379 736 535 775 statuerit,
560 740 593 767 ut
619 736 799 768 Hermarum
823 736 972 779 flagitium
997 737 1026 768 in
1051 736 1130 769 diem
1148 738 1178 769 X
1194 749 1234 769 m.
1248 739 1324 771 Maii

215 794 343 833 incidat,
380 795 542 836 Pytlionici
578 799 677 827 nutem
713 795 859 827 indicium
894 795 926 826 in
960 795 1040 827 diem
1074 796 1119 828 IX
1150 808 1189 829 m.
1223 797 1323 838 Iunii,

215 853 284 885 inde
307 853 452 896 probant,
477 854 536 885 sere
560 853 691 885 solidum
716 865 847 886 mensem
874 854 1091 892 intercessisse,
1124 866 1184 896 quo
1207 855 1324 888 nullum

218 912 363 944 indicium
387 913 424 944 ad
448 913 594 955 populum
619 914 788 955 pervenerit
801 915 835 955 ¹).
881 913 954 946 Non
981 913 1096 953 dicam,
1132 914 1207 946 mihi
1228 915 1325 948 multo

216 971 416 1014 probabiliora
440 971 534 1004 videri
557 972 675 1004 Goetzii
690 973 714 1014 ⁹)
743 977 773 1003 ct
796 977 973 1015 argumenta
996 977 1027 1004 et
1051 974 1325 1016 computationem,

216 1032 258 1063 itn
293 1031 459 1071 censentis,
495 1031 675 1063 Hermarum
711 1031 811 1062 scelus
845 1042 905 1063 non
935 1042 1000 1064 esse
1033 1033 1228 1065 commissum
1256 1037 1326 1066 ante

217 1090 296 1121 diem
321 1089 402 1121 VIII
427 1101 466 1122 m.
491 1090 589 1129 Iunii,
622 1091 680 1122 i.e.
712 1101 771 1121 non
802 1090 870 1132 plus
895 1094 1010 1133 septem
1035 1091 1141 1123 diebus
1164 1095 1325 1135 antequam

216 1149 319 1181 classis
346 1149 452 1181 abiret.
499 1149 580 1180 Nam
610 1149 728 1180 etiamsi
759 1160 865 1180 verum
900 1149 1010 1181 viderit
1033 1149 1194 1190 Goetzius,
1225 1154 1325 1184 tamen

217 1208 278 1239 lieri
307 1219 367 1239 non
396 1210 510 1250 potest,
543 1211 576 1239 ut
603 1207 832 1239 Andromachus
862 1211 891 1239 et
922 1208 1036 1240 Teucer
1067 1209 1157 1241 iidem
1187 1210 1249 1242 sint
1272 1210 1325 1252 qui

217 1277 234 1298 a
256 1266 432 1309 Thucydide
455 1266 611 1298 ἀκόλουθοι
633 1270 664 1298 et
687 1267 820 1304 μέτεικσι
846 1266 1043 1309 appellantur.
1078 1269 1128 1300 An
1151 1269 1194 1300 sic
1218 1269 1326 1311 plurali

219 1336 343 1357 numero
378 1325 541 1368 significari
576 1329 702 1368 possunt
734 1337 813 1358 unus
844 1337 948 1358 servus
975 1330 1006 1358 et
1029 1338 1108 1358 unus
1138 1327 1326 1369 inquilinus:

221 1384 266 1416 vel
291 1385 390 1426 potius
418 1396 497 1417 unus
529 1389 647 1416 tantum
671 1396 789 1424 servus,
819 1396 889 1416 nam
912 1385 1025 1417 Teucer
1048 1386 1085 1418 de
1108 1386 1267 1419 Alcibiade
1290 1398 1328 1420 ne

219 1442 342 1475 verbum
367 1444 487 1485 quidem
512 1444 593 1476 facit.
642 1444 750 1476 Hercle
780 1444 804 1475 si
833 1444 889 1475 viri
919 1444 1000 1476 docti
1025 1456 1142 1488 semper
1165 1449 1234 1478 ante
1258 1457 1327 1479 ocu-

219 1503 263 1534 los
292 1502 452 1542 haberent,
480 1503 511 1534 id
546 1503 626 1545 qnod
661 1515 749 1535 nemo
780 1514 883 1535 eorum
919 1504 1055 1546 ignorat,
1091 1503 1328 1537 incertissimum

219 1567 248 1593 ct
273 1561 406 1593 fallacem
432 1561 538 1594 ducem
570 1573 632 1593 esse
664 1562 869 1600 Andocidem,
901 1573 960 1594 non
993 1567 1165 1595 vererentur
1192 1563 1250 1595 hoe
1272 1574 1326 1607 pro

219 1624 300 1652 certo
323 1620 482 1660 affirmare,
505 1621 716 1662 Tliueydideos
749 1621 815 1653 illos
847 1622 1006 1660 μετοίκους
1031 1626 1062 1654 et
1085 1623 1266 1658 ἀκολούθους
1291 1622 1328 1655 ab

255 1806 274 1837 ¹)
302 1803 379 1831 Certe
402 1804 447 1839 qui
473 1805 534 1830 ante
559 1803 722 1838 Droyscnum
748 1804 799 1830 ruit
823 1803 955 1830 Sluiterus
978 1804 1004 1830 in
1024 1803 1199 1831 Lectionibus
1217 1804 1330 1833 Andoci-

218 1846 274 1873 «icis
293 1856 318 1882 p.
339 1846 380 1874 5?:
402 1854 447 1875 ,ae
466 1847 522 1872 tuin
542 1845 663 1881 quiden1‘'
690 1846 727 1872 nit
755 1845 802 1876 ,de
825 1846 930 1873 Ilei-mis
953 1846 1018 1873 nihil
1038 1849 1078 1873 est
1099 1846 1256 1875 indicatum:
1281 1856 1329 1876 uon

221 1891 264 1916 diu
283 1898 345 1915 vcro
365 1891 468 1923 postca,
489 1897 570 1923 quum
589 1887 681 1914 classis
701 1887 727 1914 iu
747 1888 863 1915 Siciliam
882 1888 980 1921 abiret,
1006 1888 1110 1924 iainque
1132 1890 1259 1917 Lnumchi
1278 1890 1328 1918 Im-

220 1931 350 1968 peratoria
360 1931 473 1958 triremis
485 1933 589 1966 portum
606 1930 774 1966 relinqueret,
785 1931 900 1958 surrexit
909 1930 1050 1967 derepente
1061 1932 1270 1967 Pytlionicuffle.
1277 1942 1302 1968 q.
1308 1941 1330 1960 a.

255 1977 276 2008 Ἰ)
306 1973 432 2001 Williclin
449 1974 530 2000 Goetz
546 1973 591 2000 der
616 1973 936 2009 llrrinokopidenprozcsz
964 1973 1001 2008 (in
1026 1973 1214 2009 Suppleniento
1237 1974 1330 2002 Fleck-

219 2018 300 2045 eiseni
335 2016 475 2044 Annalium
508 2016 568 2043 vol.
590 2016 688 2049 Vlll);
714 2017 759 2052 qui
784 2016 902 2049 libellus,
930 2026 1032 2043 summa
1060 2026 1123 2044 cura
1142 2019 1167 2044 ct
1191 2017 1330 2053 diligentia

217 2061 344 2096 scriptus,
364 2069 410 2086 cnr
430 2070 445 2086 n
463 2068 570 2086 censore
591 2060 616 2086 in
641 2059 724 2086 (linrio
744 2069 766 2087 c.
777 2062 796 2087 t.
823 2059 1031 2091 ,Litcruriselieo
1055 2059 1250 2087 centralblaw
1274 2062 1327 2088 tam

218 2103 306 2139 inique
325 2103 487 2139 improbatus
510 2102 559 2134 ait,
580 2112 631 2129 non
652 2112 785 2137 assequor.
