1536 2526
754 209 795 238 34

219 325 290 357 crgo
314 325 410 356 neque
433 317 500 357 post
526 325 621 356 neque
645 318 768 357 propter
788 313 954 348 Andocidis
972 312 1118 345 indicium
1138 314 1234 344 morte
1256 321 1326 354 poe-

221 383 273 404 nas
301 373 396 407 dedit.
441 373 531 414 Quod
554 374 679 406 adverso
702 374 800 406 fronte
831 376 925 405 certat
947 383 1016 404 cum
1045 383 1090 411 eo,
1121 371 1202 413 quod
1236 369 1328 402 habet

218 431 409 475 Thucydides
433 446 459 466 c.
485 436 552 466 60⁰:
589 434 661 469 τοὺς
697 433 958 468 κκταιτιοιθέντας
994 432 1106 472 κρίσεις
1141 432 1326 467 ποιήσαντες

220 491 290 528 τοὺς
314 493 371 531 μὲν
395 493 583 526 ἀπέκτεινκν
607 494 673 525 κτέ.

265 611 324 643 His
347 613 405 644 iarn
430 613 472 644 ita
495 613 658 655 expositis,
687 623 744 643 non
776 622 898 654 possum
923 622 983 642 non
1007 611 1155 653 attingere
1178 609 1327 652 quaestio-

222 681 307 710 nem,
331 671 389 703 iam
414 683 430 703 a
458 671 577 703 Nabcro
609 675 781 709 tractatam,
813 673 913 702 utrum
944 669 995 701 illa
1023 669 1136 709 oratio,
1174 679 1250 710 quae
1283 671 1331 700 tot

222 732 342 772 tamque
366 735 468 773 aperta
487 731 640 763 mendacia
661 731 831 769 contineat,
855 729 955 772 spuria
972 729 1112 760 videatur
1130 740 1168 760 an
1187 728 1330 771 genuina.

221 789 279 821 Cui
315 790 480 831 quaestioni
517 801 577 831 quo
616 790 722 821 melius
757 789 987 830 accuratiusque
1024 787 1238 830 respondeam,
1275 786 1332 818 hoc

222 849 296 880 mihi
327 849 578 891 praemonendum
611 853 671 888 cst,
703 852 839 887 externa,
872 859 949 890 quae
973 850 1126 886 vocantur,
1156 850 1333 889 argumenta

220 912 323 940 contra
348 909 501 940 Nabernm
530 908 682 940 nulladum
712 919 776 940 csse
800 907 932 950 prolata,
964 906 1073 948 quibus
1103 906 1177 947 quin
1201 906 1334 948 genuina

224 968 264 999 sit
293 968 389 999 oratio
422 972 504 999 extra
534 967 757 999 dubitationem
787 970 926 1010 ponatur.
971 966 1120 1008 Magnum
1156 976 1203 997 me
1237 964 1335 997 dicere

225 1027 339 1066 sentio,
373 1038 502 1068 namque
533 1027 638 1065 video,
668 1026 809 1058 omnibus
842 1025 1006 1068 philologis
1036 1028 1066 1057 et
1095 1023 1248 1056 historicis
1270 1034 1335 1066 per-

225 1086 432 1118 suasissimum
469 1098 548 1125 csse,
580 1098 596 1118 a
632 1086 818 1117 Kirchhoffio
853 1085 1028 1117 certissimis
1059 1083 1246 1127 argumentis
1274 1083 1336 1126 epi·

224 1146 374 1188 graphicis
398 1146 563 1178 orationem
589 1146 739 1178 Andocidi
764 1157 826 1177 esse
846 1145 1041 1177 vindicatam.
1072 1143 1242 1185 Utramque
1264 1153 1335 1186 ergo

224 1205 343 1237 illarum
379 1206 611 1248 inscriptionum
646 1217 750 1248 parum
785 1205 815 1236 in
845 1208 947 1237 nostra
977 1215 1066 1236 causa
1095 1203 1192 1235 valere
1215 1202 1338 1235 demon·

226 1268 319 1297 strare
361 1265 503 1298 conabor.
544 1266 588 1297 De
628 1265 726 1307 priore
766 1264 865 1296 brevis
899 1275 963 1296 osse
996 1273 1129 1306 possum.
1175 1261 1224 1294 Ibi
1258 1262 1339 1294 enim

228 1324 431 1356 Kirchhoffius
462 1336 498 1356 ex
525 1327 644 1356 vetusto
671 1324 770 1366 lapide
799 1323 933 1365 quinque
957 1322 1080 1354 nomina
1102 1322 1181 1354 eruit
1204 1321 1339 1353 virorum

230 1395 359 1425 quorum
382 1383 461 1415 bona
488 1388 559 1415 sunt
582 1383 734 1426 publicata
756 1384 792 1424 ¹).
827 1383 903 1414 Illos
930 1385 1034 1414 contra
1057 1381 1220 1423 Rangaben
1243 1391 1340 1423 neque

231 1447 301 1486 post
335 1445 483 1486 proelium
517 1443 554 1475 ad
590 1445 690 1486 Aegos
724 1443 852 1481 flumen,
886 1452 982 1483 neque
1016 1445 1099 1484 post·
1121 1441 1268 1484 proelium
1303 1439 1340 1472 ad

234 1503 400 1546 Arginusas
429 1503 586 1535 damnatos
615 1514 679 1534 esse
709 1502 826 1544 liquido
860 1501 1054 1533 demonstrat.
1089 1501 1198 1542 Neque
1221 1503 1267 1532 est
1289 1509 1344 1532 cur

232 1562 264 1594 in
289 1574 324 1594 co
348 1574 469 1605 quoque
492 1573 561 1594 eum
584 1573 690 1594 verum
713 1560 824 1592 vidisse
847 1571 1003 1603 negemus,
1029 1559 1188 1592 damnatos
1207 1570 1258 1592 eos
1280 1569 1344 1591 esse

232 1621 264 1653 in
287 1621 426 1662 iudiciis,
451 1633 529 1664 quae
553 1633 632 1653 anno
656 1622 718 1653 415
745 1620 781 1652 de
804 1631 835 1652 re
859 1631 943 1653 sacra
965 1622 1038 1652 sunt
1059 1619 1173 1652 habita.
1207 1618 1345 1651 Nomina

236 1680 316 1712 enim
341 1680 414 1713 hacc
438 1685 525 1713 sunt:
551 1680 707 1713 Axiochus
732 1679 899 1712 Alcibiadis
923 1680 961 1719 f.,
993 1679 1178 1711 Adimantus
1200 1678 1345 1711 Leucolo-

237 1739 340 1783 phidis
361 1740 381 1772 f.
392 1765 401 1779 ,
418 1740 597 1783 Euphiletus
614 1739 764 1772 Timothei
776 1739 815 1779 s.,
836 1738 1017 1779 Panaetius,
1032 1738 1163 1771 Oeonias
1179 1737 1312 1770 Oeoniae
1323 1736 1346 1770 f.

237 1799 349 1831 Eadem
373 1800 404 1831 in
429 1800 566 1832 oratione
589 1800 626 1831 de
646 1799 797 1842 mysteriis
820 1798 1026 1842 reperiuntur,
1057 1797 1110 1829 ubi
1136 1796 1295 1829 Axiochus
1317 1798 1348 1828 et

236 1859 420 1892 Adimantus
439 1859 583 1892 dicuntur
600 1859 725 1891 indicati
746 1859 783 1891 ab
804 1859 960 1902 Agar-iste,
979 1857 1160 1900 Euphiletus
1180 1869 1197 1889 a
1215 1856 1347 1896 Teucro,

239 1918 401 1951 Panaetius
433 1923 463 1951 et
483 1919 615 1951 Oeonias
638 1919 675 1951 ab
697 1918 919 1951 Andromacho.
945 1916 1088 1960 (Oeonias
1110 1916 1190 1949 enim
1214 1926 1274 1948 non
1296 1925 1349 1958 po-

274 2063 293 2096 1)
322 2061 460 2089 Kirchhoss‘
477 2061 541 2088 iiber
560 2062 618 2089 cine
637 2061 765 2088 Urknndc
784 2060 830 2088 der
848 2060 959 2089 Polcten
978 2061 1005 2088 in
1024 2059 1189 2088 Fleckeiseni
1203 2056 1352 2087 Annalibus

237 2104 290 2132 vol.
310 2106 340 2131 ει
364 2114 388 2140 p.
410 2106 558 2131 ess-955.
