1536 2526
663 169 703 199 49

122 288 305 319 quamquam
338 276 475 308 debiturn
507 277 621 307 aerario
650 286 710 306 non
742 274 884 313 solverit,
921 285 1001 306 nunc
1033 285 1145 317 poena,
1181 286 1241 318 qua

122 340 199 368 esset
223 336 417 379 plectendus,
452 335 576 367 liberum
602 345 674 365 csse.
722 333 898 376 Explicatur
932 333 989 364 hoc
1020 332 1067 364 his
1098 333 1198 366 verbis
1224 346 1240 366 e

122 394 386 438 praecedentibus:
419 395 434 430 ἢ
465 394 543 429 ὠνὰς
573 394 733 432 πριάμενει
760 392 793 422 ἐκ
827 394 881 423 ταῦ
907 391 1051 429 δημοσίου
1073 393 1118 431 μὴ
1143 393 1237 425 ’exre'-

122 455 225 493 mev
255 455 296 486 τὰ
321 455 496 493 χρήμκτκ,
527 452 707 494 quibuscum
740 451 936 483 conferenda:
968 452 1140 490 γεγένηται
1168 452 1238 484 ἀντὶ

123 514 237 553 ἀτίμου
266 513 476 552 συκεφαέυτης.
524 512 562 543 Εἴ
595 512 637 543 sie
671 512 773 543 saltem
809 511 915 553 longae
939 510 1154 553 disputationis
1178 511 1243 544 bre-

124 573 171 605 vis
210 584 278 616 pars
311 572 402 605 habet
439 572 520 614 quod
555 583 589 603 eo
624 571 781 610 referatur,
817 580 999 612 quamquam
1034 569 1083 602 hic
1119 582 1240 612 quoque

124 632 222 664 multo
250 631 357 664 melius
381 635 483 663 noster
505 631 657 663 omisisset
682 630 789 662 verba:
822 628 867 660 ἔτι
896 633 959 664 τοῖς
989 628 1089 668 νόμοις
1122 629 1240 670 ἐψηφί-

125 692 221 723 σασθε
245 692 303 723 ἀπ’
323 690 492 723 Εὐκλείδαν
521 689 671 730 ἄρχοντος
696 690 851 729 χρῆσθαι,
882 700 951 721 nam
982 689 1163 721 Patroclidis
1191 689 1241 722 de·

125 754 254 790 eretum,
291 761 352 792 quo
386 749 448 781 solo
471 749 633 792 Cephisius
667 748 849 788 defenditur,
886 749 946 780 iam
981 751 1051 780 unte
1085 748 1242 781 Euclidem

125 811 239 842 sactum
263 813 336 842 erut.
384 809 460 848 sed,
484 809 575 840 etiam
600 809 625 840 si
653 819 687 840 ea
711 807 800 840 verba
823 807 976 848 abessent,
1001 819 1062 840 non
1080 820 1156 851 opus
1179 812 1245 841 erat

125 869 222 912 longis
246 869 306 900 illis
329 867 522 911 ambagibuS,
547 871 581 899 ut
605 879 641 899 eo
664 867 752 899 modo
776 867 808 899 in
832 868 1011 910 Cephisium
1034 868 1245 909 inveheretur;

125 932 156 960 ct
180 932 331 971 praeterea
355 930 416 959 tum
445 926 573 959 absurda
604 930 674 958 sunt
707 927 766 958 fere
800 927 914 967 omnia,
947 938 1024 969 quae
1054 927 1092 960 de
1115 928 1240 967 ἀτίμοις

125 991 294 1026 narrantur,
326 990 359 1018 ut
387 998 447 1018 non
475 986 588 1029 possim
618 986 755 1025 credere,
786 997 820 1018 ea
850 987 893 1018 sic
925 987 1080 1030 scripsisse
1109 987 1245 1020 Andoci-

125 1047 202 1079 dem.
251 1048 400 1079 Aeeurate
423 1045 460 1077 de
486 1045 522 1077 iis
546 1046 685 1088 exposuit
714 1046 872 1085 Naberus;
904 1046 954 1078 hic
984 1047 1134 1079 indicasse
1163 1048 1245 1079 suffi-

126 1106 186 1137 ciat
209 1105 291 1147 quod
317 1105 362 1136 vel
387 1105 600 1147 gravissimum
626 1108 685 1136 est:
710 1106 735 1136 οἱ
766 1109 953 1145 στρατιῶται
979 1105 1021 1142 οἷς
1046 1105 1092 1138 ἔτι
1117 1106 1243 1145 {ueram

125 1165 174 1196 ἐπὶ
201 1167 260 1196 τῶν
284 1164 435 1203 τυράννων
461 1164 490 1195 ἐν
512 1169 550 1204 τῇ
577 1163 677 1196 πόλει.
724 1164 802 1196 Mihi
838 1176 1014 1208 persuasum
1045 1169 1108 1206 est,
1142 1169 1240 1198 totum

125 1225 213 1257 illum
245 1224 344 1256 locum
375 1223 506 1266 graviter
530 1235 594 1256 esse.
622 1224 855 1266 interpolatum,
892 1224 948 1256 alia
983 1225 1146 1265 excidisse,
1182 1226 1241 1257 alia

125 1296 188 1318 esse
215 1284 334 1324 addita,
369 1294 552 1326 quamquam
585 1294 664 1315 nune
694 1294 754 1315 non
789 1283 884 1316 habeo
918 1284 1026 1316 idonea
1063 1288 1240 1327 argumenta

125 1344 237 1387 quibus
260 1354 330 1376 vera
351 1330 369 1375 n
394 1343 477 1375 salsis
505 1343 683 1376 discernam.

171 1463 291 1494 Praeter
315 1472 380 1500 eas,
405 1473 481 1503 quas
505 1462 564 1493 iam
592 1462 781 1501 enumeravi,
814 1462 1003 1501 κκτηγορίκς
1031 1462 1085 1494 hac
1117 1473 1238 1504 quoqne

127 1522 172 1554 usi
198 1526 270 1553 sunt
294 1521 454 1553 adversarii
481 1524 514 1553 ut
537 1521 791 1560 demonstrarent,
816 1533 898 1553 reum
923 1522 1075 1554 hominem
1095 1533 1159 1554 esse
1179 1526 1239 1554 tam

127 1581 317 1624 profligatum
351 1585 380 1612 et
410 1580 575 1623 perditum,
607 1583 730 1622 tamque
761 1592 778 1612 a
807 1581 952 1613 scelerum
984 1593 1104 1614 suarum
1135 1582 1240 1624 poenis

127 1639 321 1684 praeeipitem
354 1640 421 1682 agi,
454 1643 488 1671 ut
517 1639 597 1671 ultro
630 1639 738 1682 capitis
769 1640 898 1682 pericula
933 1639 1045 1680 adiret,
1081 1652 1097 1672 e
1128 1640 1241 1682 quibus

127 1703 226 1731 tumen
252 1710 319 1731 eum
344 1698 386 1730 dii
411 1698 577 1740 eripuerint
603 1710 684 1737 nnon
708 1703 743 1730 ut
767 1699 805 1730 ab
833 1699 928 1731 exitio
953 1703 1103 1740 servatus,
1128 1700 1180 1732 sed
1203 1701 1240 1732 ad

127 1759 184 1790 hoc
208 1758 354 1790 iudicium
379 1761 548 1789 reservatus
573 1757 756 1790 videretur.''
805 1759 856 1790 Sic
881 1770 947 1791 eum
969 1759 1000 1791 in
1017 1760 1130 1803 templo
1154 1760 1240 1792 Eleu-

127 1817 208 1849 sinio
231 1817 404 1859 deposuisse
428 1817 600 1856 ἱκετηρίαν,
625 1817 706 1859 quod
731 1818 783 1859 qui
808 1818 912 1850 fecerit
936 1830 1005 1850 eum
1029 1819 1137 1862 capital
1162 1831 1240 1852 com-

128 1877 260 1915 misisse3
291 1876 335 1907 sic
366 1887 433 1908 eum
466 1875 544 1908 ultro
571 1877 708 1918 citroque
737 1878 910 1920 navigasse,
943 1878 992 1910 ubi
1023 1878 1148 1910 deorum
1180 1880 1241 1911 irae

128 1935 257 1968 maxime
296 1939 374 1967 esset
407 1935 566 1968 obnoxius.
619 1935 700 1968 Illud
735 1937 890 1976 ἱκετηρίαις
927 1937 1038 1969 crimen
1074 1941 1173 1970 orator
1208 1940 1240 1971 in

128 1992 210 2037 ipsos
244 1998 433 2027 accusatores
468 1998 630 2038 retorquet.
683 1995 849 2038 Postquam
889 1997 968 2028 enim
1009 1998 1142 2030 narravit
1181 1999 1238 2031 iani

127 2052 293 2095 Cephalum
329 2053 483 2092 docuisse,
521 2065 578 2085 non
613 2065 677 2086 esse
704 2055 778 2086 illud
808 2055 934 2098 capital,
966 2056 1008 2087 itu
1031 2057 1144 2099 pergit:
1177 2059 1242 2100 ipse

1089 2119 1108 2147 4
