1536 2526
697 199 738 228 35

158 309 219 338 test
242 316 307 338 esse
330 305 410 338 alius
434 316 524 347 quam
548 304 652 337 Ionias
676 305 707 336 in
727 306 888 346 oratione).
925 305 981 337 Ille
1004 309 1104 338 autem
1124 316 1155 338 111
1176 305 1271 337 nomi-

157 364 247 397 nibus
271 375 437 396 consensus
460 363 534 406 quid
557 364 595 396 de
619 364 765 396 emtionis
789 368 911 395 auctore
932 363 1062 406 probat?
1087 364 1168 396 Satis
1192 364 1273 396 enim

157 423 429 456 demonstravimus
464 423 495 455 in
528 423 583 462 iis,
615 434 692 464 quae
721 422 759 454 de
787 422 850 454 suis
874 423 1008 465 personis
1031 427 1150 463 narrat,
1174 426 1272 456 orato-

157 493 220 515 rem
243 482 409 515 ridiculum
433 483 465 514 in
489 481 611 514 modum
635 485 690 514 aut
713 481 811 524 ipsum
831 481 890 513 sibi
915 482 1055 524 obloqui,
1080 486 1133 514 aut
1154 494 1189 514 ea
1207 494 1275 515 nar-

157 553 223 574 rare
245 553 323 584 quae
345 542 469 574 omnino
489 541 553 574 fieri
578 552 742 583 numquam
767 544 940 584 potuerunt.
975 541 1026 573 Sic
1051 541 1128 574 sorte
1151 542 1274 574 fortuna

158 601 237 634 inter
263 601 400 644 quinque
431 601 500 633 illos
524 601 605 634 viros
636 613 714 634 unus
738 604 783 633 est
805 600 983 641 Panaetim,
1016 601 1053 633 de
1082 612 1143 643 quo
1175 605 1275 634 orator

158 660 238 692 inter
261 672 293 693 se
324 661 525 704 repugnantia
554 664 670 700 narrat,
706 672 781 702 quae
817 661 937 693 nonnisi
971 660 1183 703 homonymiae
1218 672 1274 703 ope

157 723 284 762 possunt
318 720 518 753 reconciliari.
565 720 598 752 Si
635 720 705 762 quis
735 731 807 763 ergo
838 720 894 752 hoc
925 724 1013 763 putat
1043 731 1107 752 esse
1131 720 1274 753 idoneum

157 783 371 822 argumentum
406 780 443 812 ud
478 780 645 812 orationem
684 779 722 812 ab
766 779 922 812 Andocide
959 779 1208 819 abiudieandnm,
1245 780 1273 811 ei

158 838 345 871 demonstres
368 850 443 881 opus
470 842 531 879 est,
556 851 625 871 vera
649 850 712 871 esse
736 842 767 870 et
795 839 874 870 inter
897 850 928 870 se
957 850 1018 871 non
1043 843 1173 878 certare,
1198 850 1276 881 quae

159 897 196 930 de
232 898 406 931 hominibus
441 902 556 937 narrat,
593 910 650 930 non
687 902 804 930 tantum
835 909 903 930 vera
926 909 990 930 esse
1014 898 1146 930 nomina.
1193 898 1274 931 Nam

159 958 227 1000 quis
257 958 375 997 credat,
406 958 451 990 vel
486 958 606 990 infimae
638 958 745 990 aetatis
770 958 966 1000 impostorem
990 962 1052 990 tam
1076 958 1169 990 fuisse
1192 958 1278 1001 inep-

158 1021 240 1057 tum,
264 1021 299 1050 ut
321 1018 382 1050 ista
404 1018 527 1050 nomina
551 1018 588 1050 de
611 1029 666 1050 suo
690 1018 835 1060 fingeret?

203 1077 351 1110 Graviora
399 1077 498 1121 primo
546 1077 657 1110 obtutu
694 1077 859 1118 videntur,
895 1089 971 1120 quae
1008 1077 1062 1110 Vir
1084 1077 1277 1110 Clarissimus

157 1137 195 1169 de
229 1137 322 1170 Eucle
355 1138 397 1177 τῷ
433 1142 488 1174 τῆς
524 1137 642 1176 βευ),ῆ;
683 1139 734 1170 κκὶ
775 1141 829 1170 τοῦ
863 1138 959 1175 δήμου
997 1138 1102 1177 κήρυκι
1138 1138 1273 1181 disputa-

159 1197 204 1228 vit
212 1210 221 1236 ;
245 1197 296 1230 sed
322 1197 365 1230 illi
388 1197 460 1237 soli,
486 1198 557 1239 qui,
581 1209 658 1239 quae
681 1198 718 1230 de
741 1209 776 1230 eo
800 1198 831 1229 in
855 1197 968 1230 Herme
982 1198 1006 1239 ¹)
1031 1198 1165 1240 scripsit,
1197 1197 1275 1240 lege-

159 1257 214 1296 rit,
238 1256 358 1299 ignoret
381 1260 500 1296 autem,
534 1268 610 1299 quae
638 1257 716 1289 idem
741 1269 793 1289 sex
817 1257 903 1288 annis
927 1261 997 1289 ante
1020 1257 1052 1289 in
1077 1257 1234 1299 Philologo
1248 1258 1273 1298 Ξ)

158 1315 272 1359 publici
297 1317 372 1349 iuris
395 1317 517 1349 fecerat.
564 1316 745 1360 Inscriptio,
776 1317 813 1348 de
844 1328 905 1359 qua
928 1317 958 1348 in
983 1320 1111 1359 utraque
1135 1317 1275 1348 disserta-

158 1375 242 1408 tione
265 1376 345 1420 egit,
370 1376 579 1408 huiuscemodi
603 1380 666 1410 est:
691 1376 777 1408 Eucli
799 1377 936 1417 cuidam,
959 1377 1036 1410 bene
1059 1377 1096 1409 de
1120 1376 1274 1420 republica

159 1434 282 1473 merito,
305 1446 417 1467 munus
440 1435 592 1477 quoddam
611 1435 788 1478 publicum,
813 1447 866 1478 pro
884 1447 945 1478 quo
966 1447 1081 1469 merces
1104 1447 1141 1468 ex
1159 1436 1274 1468 aerario

158 1497 222 1526 erat
233 1494 410 1534 tribuenda,
422 1494 607 1534 decernitur;
623 1498 747 1538 apparet
762 1495 818 1527 hoc
831 1506 848 1527 e
865 1495 1016 1528 vocabulo
1034 1495 1274 1538 (μι)σθσφσρίκν.

158 1553 303 1596 Sequitur
324 1553 357 1586 in
379 1554 487 1586 eodem
509 1553 608 1597 lapide
630 1553 713 1586 aliud
741 1554 909 1595 decretum,
935 1566 994 1598 quo
1015 1555 1147 1588 Philocli
1170 1555 1274 1587 Euelis

159 1612 224 1645 filio
247 1614 374 1653 κήρυκος
398 1613 529 1646 officium
553 1613 652 1647 (latur.
698 1615 826 1658 Legitur
848 1615 944 1649 enim:
973 1617 1037 1655 τὴν
1065 1615 1273 1658 κηρυκείαν),

159 1673 271 1716 quibus
305 1685 373 1706 mox
408 1673 571 1714 adduntur,
607 1678 642 1706 ut
667 1675 872 1708 verisimiliter
902 1676 1021 1719 supplet
1052 1675 1273 1714 Kirchhoffius,

160 1732 319 1765 vocabula:
351 1731 428 1766 εἶναι
457 1734 519 1772 τῆγ
544 1733 719 1776 κηρυκείαν
748 1739 898 1768 Φιλοκλεῖ
926 1737 1081 1779 ›exonia-effi)
1109 1737 1151 1775 τῷ
1175 1735 1274 1775 πατρὶ

160 1793 276 1829 αὐτοῦς
302 1803 401 1835 neque
424 1793 626 1826 dubitandum
649 1797 696 1827 est
719 1795 794 1838 quin
824 1797 916 1839 paulo
942 1808 1032 1840 supra
1058 1799 1139 1829 reete
1162 1795 1273 1828 Kirch-

160 1851 268 1884 hoffius
294 1853 338 1885 ita
365 1853 567 1897 suppleverit:
591 1854 696 1890 ἐπειδὴ
720 1855 794 1895 ἀνὴρ
819 1856 938 1894 ἀγαθὸς
971 1857 1106 1898 (ἐγένετο
1131 1856 1144 1887 ὁ
1169 1855 1273 1893 πατὴρ

161 1913 214 1943 τοῦ
239 1912 437 1954 mutandove
462 1914 530 1953 περὶ
555 1914 606 1946 τὸν
631 1913 736 1953 δῆμον.
786 1915 959 1958 Utrumque
987 1919 1089 1948 autem
1118 1915 1273 1948 decretum

198 2055 219 2087 ¹)
247 2052 282 2081 K.
299 2052 464 2087 Andociden,
480 2054 508 2082 in
528 2054 627 2083 Herme
647 2054 661 2082 1
681 2064 705 2091 p.
723 2055 818 2082 1—20.

198 2097 220 2131 2)
250 2096 278 2124 in
297 2095 439 2133 Philologo
457 2096 518 2125 XV.
537 2106 564 2134 p.
582 2098 644 2125 409.

1101 2151 1146 2182 3¹}
