1536 2526
754 216 793 245 52

242 327 310 349 cum
335 317 389 358 iis,
414 329 491 360 quac
513 319 636 352 aliunde
659 320 816 360 novimus,
841 324 967 353 certant.
1011 320 1107 352 Cuius
1123 320 1164 352 rei
1182 320 1258 352 hane
1281 331 1344 353 esse

239 386 358 408 causam
381 377 486 418 docui,
510 379 592 421 quod
611 379 767 411 veritatem
790 379 847 411 sibi
869 379 1041 412 obfuturam
1070 390 1133 411 esse
1156 379 1220 422 ipse
1242 382 1342 412 orator

239 434 329 475 probe
352 435 550 479 intelligeret,
574 437 681 470 deinde
704 438 810 477 etiam,
835 438 916 479 quod
937 438 968 470 in
989 438 1039 477 iis,
1065 449 1141 479 quae
1163 449 1231 470 cum
1253 449 1342 470 causa

237 503 291 524 sun
314 494 414 526 minus
441 496 603 528 coniuncta
633 500 747 535 essent,
782 496 969 539 diligentiam
1004 500 1155 539 sperneret
1189 500 1219 528 et
1253 496 1340 528 nihili

239 552 349 584 faceret
372 554 538 586 veritatem.
585 555 696 587 Eadem
720 565 810 586 causa
832 559 877 586 est
901 555 932 586 in
958 555 1082 587 comicis
1091 569 1099 594 ;
1123 555 1211 587 modo
1235 555 1339 587 adver-

237 611 331 642 sarios
354 623 424 644 suos
448 613 582 652 laedant,
607 625 643 645 ne
667 614 698 644 in
719 613 757 644 iis
770 613 892 654 quidem
906 614 1063 645 veritatem
1082 618 1244 652 morantur,
1264 625 1340 655 quae

236 671 454 711 spectatoribus
470 672 625 704 notissima
643 684 706 704 esse
725 672 803 703 liaud
824 672 972 714 ignorant.
998 673 1095 704 Nemo
1111 676 1175 704 erat
1194 673 1339 712 Athenis,

235 729 310 769 quin
327 733 440 769 nosset,
466 731 617 762 Socratem
635 731 730 762 nullas
742 743 759 762 a
771 731 834 762 suis
854 731 1012 773 discipulis
1031 731 1165 773 accipere
1180 731 1337 773 pecunias:

235 791 334 820 tamen
365 800 435 821 eum
467 789 564 831 pretio
594 789 748 821 docentem
783 790 853 821 facit
885 789 1110 832 Aristophanes.
1156 789 1238 829 Quid
1269 801 1339 832 ergo

232 848 302 880 inde
326 850 468 891 apparet?
515 849 632 892 Nempe
660 850 691 881 in
719 850 808 882 rebus
831 850 982 882 historicis
1012 853 1076 881 tum
1101 850 1221 881 demum
1246 850 1337 881 comi-

229 918 330 939 corum
362 912 391 939 et
420 913 571 941 oratorum
606 909 787 941 testimoniis
826 909 870 940 uti
904 909 1009 948 licere,
1044 909 1070 940 si
1105 920 1181 950 quae
1215 912 1337 940 narrant

230 966 318 1007 plane
342 977 410 998 cum
435 967 487 1006 iis,
512 979 588 1009 quae
615 967 736 999 aliunde
761 968 955 1010 cognovimus
985 968 1182 1006 conveniant,
1213 967 1259 999 sin
1283 967 1337 999 ali-

231 1025 301 1056 cubi
326 1025 357 1057 id
381 1026 501 1058 tradant
530 1027 611 1068 quod
640 1027 703 1058 sine
731 1038 832 1058 eorum
858 1027 1032 1058 testimonio
1055 1026 1224 1058 inauditum
1248 1025 1337 1058 nobis

230 1084 323 1124 soret,
359 1084 390 1116 id
426 1096 518 1117 unuin
553 1090 705 1125 constare,
742 1086 785 1117 sic
820 1086 927 1117 comici
963 1085 1010 1117 vcl
1045 1085 1171 1117 oratoris
1205 1085 1336 1117 rationes

229 1143 320 1182 ferre,
351 1143 403 1175 sed
432 1148 534 1176 utrum
567 1155 636 1176 vera
667 1155 704 1176 an
738 1145 812 1176 salsa
841 1147 962 1175 narrent
985 1144 1015 1175 in
1040 1143 1139 1176 medio
1162 1155 1226 1176 esse
1247 1143 1335 1176 relin-

230 1202 393 1243 quendum.

273 1319 311 1351 In
342 1320 466 1353 comicis
496 1324 563 1364 post
595 1321 987 1363 Miillerum-Strubingium
1012 1321 1061 1352 vix
1085 1322 1244 1363 quisquam
1270 1332 1337 1364 pec-

230 1378 329 1417 cabit,
360 1391 414 1412 nec
446 1380 545 1411 minus
573 1380 610 1412 de
641 1381 810 1412 oratoribus
841 1380 919 1412 idcm
956 1380 1035 1422 apud
1070 1391 1173 1412 omnes
1208 1383 1336 1412 constat.

230 1437 289 1469 Sed
324 1450 383 1471 non
418 1450 534 1481 semper
568 1440 648 1481 quod
676 1443 793 1471 constat
830 1439 940 1480 ubique
975 1438 1133 1470 observant
1155 1439 1213 1470 viri
1244 1438 1336 1470 docti.

227 1497 306 1529 Utar
335 1509 397 1530 uno
428 1498 581 1541 exemp10‚
618 1498 700 1540 quod
733 1509 762 1530 se
797 1497 869 1529 mihi
905 1497 981 1529 sorte
1015 1497 1137 1529 obtulit.
1183 1496 1261 1536 Quis
1284 1496 1336 1528 du-

229 1555 320 1596 bitat,
357 1557 429 1599 quin
465 1557 494 1588 in
535 1557 752 1599 antiquitatum
784 1556 952 1588 Atticarum
988 1555 1125 1587 doctrina
1155 1555 1243 1587 facile
1274 1566 1337 1587 om-

227 1615 317 1647 nibus
344 1616 529 1658 praeripiant
565 1616 696 1659 palmam
729 1615 858 1647 Meierus
889 1619 920 1647 et
950 1614 1180 1647 Schemanuusi’
1224 1613 1337 1647 Tamen

228 1677 259 1706 et
292 1674 357 1706 illos
391 1674 600 1707 demonstrabo
633 1686 694 1706 uno
734 1674 899 1706 Andocidis
930 1673 998 1706 loco
1029 1673 1112 1705 nisos
1146 1672 1179 1704 id
1213 1673 1336 1713 docere,

229 1733 311 1776 quod
345 1733 396 1765 vix
431 1734 470 1765 sit
504 1733 656 1766 credibile.
710 1734 808 1765 Nemo
843 1733 978 1776 ignorat,
1013 1732 1091 1764 hanc
1125 1732 1217 1764 fuisse
1242 1732 1336 1765 Athe-

228 1791 276 1824 nis
310 1792 423 1835 legem,
458 1797 509 1831 ut,
544 1793 568 1824 si
603 1793 671 1834 quis
706 1795 863 1824 accusator
894 1792 925 1824 in
964 1791 1077 1823 iudicio
1112 1791 1234 1833 publico
1267 1802 1337 1824 cau-

230 1861 293 1882 sam
325 1862 408 1882 suam
440 1862 500 1882 non
530 1851 653 1893 quintae
688 1851 823 1883 iudicum
861 1851 938 1894 parti
978 1849 1148 1893 probasset,
1189 1849 1217 1882 ei
1257 1849 1337 1882 mille

231 1909 438 1941 drachmarum
473 1910 569 1942 multa
603 1910 762 1950 diceretur,
796 1909 904 1942 deinde
939 1909 1046 1948 etiam,
1076 1920 1113 1941 ne
1147 1909 1271 1952 posthae
1307 1908 1335 1941 ei

231 1969 334 2001 liceret
367 1969 582 2000 eiusdemmodi
621 1969 828 2011 quaestionem
864 1969 1031 2000 instituere.
1084 1967 1223 1999 Profecto
1261 1967 1336 2000 satis

229 2038 330 2059 scvcrn
364 2032 427 2059 erat
461 2028 511 2059 illn
547 2028 610 2067 lex,
645 2039 743 2069 neque
778 2039 854 2071 opus
889 2031 952 2060 erat
985 2027 1137 2069 singulare
1170 2027 1334 2069 quidquam

231 2086 347 2118 addere.
404 2086 486 2125 Quid
526 2097 596 2119 vero
632 2087 822 2118 Andocides?
866 2086 945 2125 ,Ιὲὂιν
979 2086 1023 2124 μὴ
1062 2085 1257 2124 μετκλάβῃ”
1292 2086 1335 2118 ait
