1536 2526
758 223 801 252 44

222 328 418 360 τυνέπλεκεν.
464 328 571 371 Neque
603 329 768 372 quidquam
796 329 914 369 obstat,
947 329 1110 371 quominus
1142 328 1329 361 Andocidem

221 391 360 429 putemus
381 387 486 420 callido
515 389 557 420 ita
580 388 820 420 adversariorum
845 388 945 420 verbis
969 387 1094 419 abusum
1118 398 1199 427 esse,
1224 391 1259 419 ut
1282 387 1330 426 id,

220 445 300 487 quod
332 446 445 488 optime
475 446 608 479 refellere
632 450 764 489 poterat,
797 447 998 479 accusationis
1022 446 1192 489 primariam
1216 450 1328 489 partem

221 504 313 536 fuisse
336 505 523 537 mentiretur.

265 624 336 655 Non
366 624 532 655 omiserunt
567 623 728 654 adversarii
769 634 801 654 en
838 623 868 654 in
904 623 1035 655 medium
1073 624 1220 665 proferre,
1255 634 1332 666 quae

221 686 285 724 post
315 682 462 713 Dioclidis
485 681 748 713 denunciationem
777 685 860 723 gesta
882 686 969 720 sunt,
1003 682 1054 714 sed
1084 686 1113 714 et
1144 683 1257 715 famoso
1280 682 1332 714 ino

221 741 333 773 indicio
362 741 408 771 usi
444 744 532 779 sunt,
569 744 603 772 ut
637 752 719 772 reum
749 740 991 772 demonstrarent
1018 752 1082 773 esse
1107 741 1258 773 hominem
1283 753 1332 774 ne-

222 811 312 841 quam
345 802 375 830 et
407 799 542 831 iudicum
566 799 636 830 odio
661 799 882 841 dignissimum.
929 800 1014 839 Quid
1038 811 1072 832 ea
1095 800 1240 832 orationis
1264 812 1334 833 suae

223 863 306 901 parte
329 858 555 897 contenderint,
581 859 644 900 ipse
669 858 841 890 Andocides
865 859 979 890 indicat
1003 860 1103 901 §54¹2
1127 860 1164 894 ὡς
1188 859 1249 898 ἄρα
1273 860 1333 898 ἐγὼ

223 918 362 956 ἐμήνυσκ
396 917 479 948 κατὰ
511 917 570 948 τῶν
602 917 727 956 {rzip-:cu
760 921 818 949 τῶν
853 919 990 955 ε’μκυτοῦ
1023 917 1104 953 ὅπως
1143 919 1246 951 ἐκεῖνοι
1277 919 1334 958 μὲν

223 976 406 1012 ἀπόλοιντο,
431 976 491 1013 ἐγὼ
517 976 546 1007 δὲ
575 977 710 1012 σωθείην.

268 1035 442 1078 Respondet
477 1039 584 1074 orator,
621 1035 702 1076 quod
733 1039 763 1067 et
790 1036 820 1067 in
852 1037 1063 1078 mysteriorum
1093 1036 1219 1068 crimine
1247 1036 1336 1076 feeit,

224 1095 267 1126 ita
291 1098 325 1126 ut
349 1099 442 1126 totam
467 1106 528 1126 rem
553 1094 587 1132 ἐξ
611 1096 712 1134 ἀρχῆς
737 1095 874 1127 denarret
899 1097 928 1137 (ᾗ
952 1097 1024 1137 34),
1057 1099 1087 1127 et
1109 1096 1259 1127 nemiuem
1283 1107 1337 1128 sua

225 1154 313 1196 culpa
336 1154 458 1196 periisse
482 1154 683 1193 demonstret,
708 1154 812 1186 eodem
838 1165 898 1196 quo
922 1155 952 1185 in
977 1154 1186 1196 mysteriorum
1211 1154 1337 1186 crimine

224 1216 401 1254 argumento
433 1224 505 1244 usus
537 1214 586 1255 (ξξ
607 1215 666 1252 25,
701 1214 759 1251 26,
793 1214 855 1253 55).
909 1213 958 1244 De
987 1213 1034 1244 his
1067 1213 1169 1255 agitur
1199 1225 1215 1245 a
1247 1209 1337 1255 §34-

226 1283 320 1313 usque
343 1272 380 1304 ad
405 1273 422 1314 ᾧ
446 1274 529 1304 70“““.

271 1391 367 1433 Supm
390 1391 448 1422 iam
472 1390 631 1429 admonui,
656 1402 732 1432 quae
755 1391 786 1422 in
810 1394 912 1422 nostra
941 1392 1076 1423 oratione
1104 1391 1216 1433 legitur
1239 1401 1338 1422 narra-

227 1449 363 1481 tiuncula
385 1449 422 1480 de
446 1449 610 1491 Euphileto
635 1454 665 1480 et
688 1461 753 1481 osse
777 1450 949 1489 confracto,
981 1450 1017 1481 de
1041 1461 1075 1482 en
1102 1460 1222 1492 prorsus
1246 1450 1336 1481 taceri

228 1510 258 1540 in
287 1508 421 1541 oratione
451 1509 592 1540 secunda.
638 1509 696 1540 Sed
728 1509 752 1539 si
784 1509 852 1550 quis
878 1508 1031 1551 reputabit
1055 1512 1200 1551 quantum
1225 1510 1339 1540 mutata

227 1571 305 1599 esset
332 1567 459 1599 oratoris
490 1568 644 1607 condicio,
681 1579 774 1609 quum
811 1567 975 1599 orationem
1004 1567 1040 1599 de
1068 1567 1219 1609 mysteriis
1249 1566 1338 1597 habe-

229 1630 288 1664 ret,
313 1625 351 1658 ab
375 1638 408 1658 ea
432 1637 491 1668 qua
515 1630 594 1665 erat,
620 1637 713 1667 quum
741 1626 777 1657 de
800 1626 897 1657 reditu
922 1637 976 1658 suo
1001 1626 1091 1657 verba
1118 1626 1246 1664 faceret,
1279 1635 1358 1672 non-

229 1685 319 1716 nimis
342 1685 418 1717 hunc
441 1685 640 1716 differentiam
666 1684 832 1716 mirabitur.
880 1685 998 1716 Etenim
1024 1684 1213 1723 Andocides,
1246 1694 1340 1725 quum

230 1743 266 1775 dc
290 1744 389 1776 reditu
422 1745 587 1776 orationem
619 1744 756 1782 liaberet,
788 1744 847 1775 inm
879 1743 968 1775 semel
996 1746 1026 1775 et
1049 1743 1158 1775 iterum
1183 1754 1200 1774 a
1223 1742 1342 1774 civibus

230 1814 304 1834 suns
327 1803 476 1845 repulsus,
500 1803 598 1834 denuo
622 1803 750 1834 reditum
782 1803 813 1834 in
837 1802 940 1834 urbem
966 1801 1140 1844 temptabat.
1189 1801 1341 1833 Submisse

231 1862 325 1904 igitur
348 1866 395 1901 et,
428 1862 486 1893 fere
510 1862 607 1900 dicim,
640 1861 780 1893 flebiliter
803 1865 890 1903 rogat
913 1865 1003 1902 utque
1037 1864 1118 1899 orat,
1150 1864 1183 1891 ut
1207 1859 1263 1892 sibi
1287 1860 1342 1892 im-

232 1920 370 1963 punitate
398 1925 484 1952 nntea
508 1921 624 1952 decreta
647 1925 736 1963 atque
760 1931 897 1952 concessa
923 1920 981 1951 frui
1005 1919 1103 1951 liceat.
1151 1919 1216 1950 Nee
1240 1929 1343 1961 quem-

232 1991 322 2021 quam
352 1980 454 2022 fugere
486 1984 599 2022 potest,
637 1991 726 2022 quam
758 1980 797 2011 sit
827 1983 892 2011 tota
923 1979 1018 2010 oratio
1050 1978 1148 2010 verbis
1181 1977 1344 2020 precativis

233 2042 385 2080 concepta.
434 2038 519 2069 Nihil
555 2050 626 2081 ergo
660 2039 697 2070 de
732 2039 818 2081 culpa
853 2049 906 2069 sua
937 2037 1091 2069 detrahere
1122 2040 1257 2076 conatur,
1292 2036 1344 2069 sed

234 2096 384 2138 quidquid
409 2097 479 2128 fecit
503 2108 533 2129 se
557 2097 727 2129 temeritate
752 2097 878 2129 iuvenili
904 2097 1007 2128 fecisse
1029 2096 1228 2136 demonstrat,
1253 2099 1285 2128 et
1307 2094 1346 2127 ad
