1536 2526
687 187 728 216 33

145 295 176 326 in
207 305 242 326 eo
272 295 425 337 peccavit,
457 293 539 335 quod
571 294 637 325 eius
670 304 778 325 nomen
810 293 912 324 omisit
945 293 1022 324 inter
1045 303 1115 331 eos,
1145 290 1259 332 quide

144 353 283 396 praemiis
306 353 425 396 publice
449 352 612 396 propositis
637 356 800 384 certarunt.

187 411 316 444 Leviora
339 422 411 444 sunt
435 423 512 454 quae
535 413 566 453 ἓξ
585 413 642 443 45¹·
661 415 692 442 et
714 413 769 442 511·
792 411 968 450 observavi,
992 422 1051 443 non
1076 415 1177 443 tamen
1201 409 1258 441 hoc

144 471 210 503 loco
234 482 357 514 prorsus
381 471 558 504 omittenda.
594 471 631 502 In
656 470 749 502 altera
775 470 903 513 legitur:
929 470 1048 502 Βοιωτοὶ
1074 470 1103 501 δὲ
1134 481 1257 501 πεπυσ-

143 530 228 569 μένοι
261 531 304 562 τὰ
339 530 523 570 πράγματα
555 530 604 562 ἐπὶ
640 534 702 564 ταῖς
733 529 819 569 ὁρίοις
853 527 932 561 ἦσαν
962 528 1254 569 ἐξεστρκτευμένσι,

143 600 237 632 quum
260 589 452 632 Thucydides
475 590 533 621 hoc
557 589 681 622 habeat:
706 590 758 621 κκὶ
785 589 847 628 γάρ
876 601 923 623 τις·
944 590 996 621 ux)
1029 589 1164 629 στρατιὰ
1188 594 1257 620 Λαι-

143 650 340 688 κεδαιιμονίων
371 648 468 689 ἔτυχε
501 650 597 689 μεχρὶ
629 650 750 687 Ἰσθμοῦ
783 650 982 688 παρελθοῦσαι
1013 650 1085 689 πρὸς
1112 648 1256 683 Βοιωτούς

143 722 172 741 τι
197 709 390 749 πράσσοντες
413 710 449 751 ¹).

187 769 225 801 In
237 769 344 802 altera:
363 769 407 800 ἔτι
422 769 450 800 δὲ
467 768 602 810 (ἔσωζον)
616 769 806 808 τρικκοσίσυς
822 769 987 806 Ἀθηνκίκν
1000 771 1178 807 annau-rx&
1193 768 1258 800 αἱδί-

142 841 200 863 κως
221 829 419 861 ἀπολεῖσθαι.
456 830 500 860 At
518 840 553 861 ex
576 828 690 860 indicio
703 828 850 860 Dioclidis
867 840 927 861 non
939 829 1040 871 plures
1053 840 1143 871 quam
1163 829 1207 860 42
1225 828 1256 860 in

142 888 271 920 vinculis
290 893 384 921 erant.
419 887 510 920 Redit
523 888 602 920 idem
616 889 633 931 §
649 890 714 920 58⁰.
751 888 805 919 Est
822 888 878 920 hoc
892 888 1048 931 egregium
1066 887 1236 930 exemplum
1248 912 1256 926 ,

140 959 229 989 quam
248 948 339 980 nihili
357 951 458 980 orator
474 948 565 980 faciat
578 948 750 987 veritatem,
772 947 936 979 dummodo
955 951 1074 979 moveat
1091 947 1256 980 auditores,

184 1007 286 1039 Multo
317 1008 440 1051 gravius
475 1010 520 1040 est
555 1010 712 1050 peccatum
747 1007 829 1049 quod
864 1006 902 1039 ad
936 1007 1104 1039 Andocidis
1139 1007 1256 1039 coufes-

138 1067 253 1099 sionem
283 1066 423 1110 pertinet.
474 1066 512 1098 In
541 1066 790 1109 praecedentibus
821 1070 1008 1106 narraverat,
1049 1077 1114 1106 eOS,
1151 1066 1204 1108 qui
1238 1078 1256 1098 a

136 1125 269 1165 Teucro,
305 1126 391 1168 quasi
427 1126 568 1169 mysteria
603 1126 825 1169 profanassent,
849 1129 950 1158 essent
973 1125 1117 1165 indicati,
1149 1137 1253 1159 omnes

138 1186 209 1228 suga
239 1197 341 1218 necem
371 1185 496 1224 vitasse,
529 1196 594 1224 eOS,
627 1196 703 1227 quos
729 1185 857 1217 Hermas
881 1185 1008 1217 violasse
1030 1185 1252 1225 insimulasset,

136 1244 247 1287 partim
270 1245 301 1276 in
326 1244 452 1277 exilium
477 1245 564 1283 iisse,
596 1245 705 1287 partim
730 1245 960 1288 comprehensos
992 1257 1054 1277 esse
1078 1249 1109 1277 et
1131 1249 1253 1278 necatos

136 1305 185 1347 (§§
211 1305 266 1336 13¹¹
289 1307 320 1336 et
345 1305 424 1346 34¹1).
471 1303 535 1335 Iam
572 1304 629 1336 hoc
658 1305 731 1336 satis
760 1304 888 1344 mirum,
920 1316 1015 1346 quum
1046 1305 1127 1337 haud
1158 1304 1251 1336 dubie

133 1364 229 1396 eodem
253 1367 378 1405 tempore
400 1363 437 1395 de
461 1364 598 1405 utrisque
616 1363 844 1396 denunciaverit
862 1364 987 1398 Teucer.
1012 1363 1074 1404 Qui
1095 1375 1131 1396 ex
1142 1363 1251 1396 Teucri

133 1423 248 1456 indicio
275 1423 481 1466 comprehensi
514 1427 600 1455 erant
622 1423 682 1455 iam
705 1427 776 1455 ante
799 1424 964 1456 Dion-Iidem
987 1424 1086 1457 necati
1109 1427 1194 1456 erant
1207 1426 1250 1467 ς3),

133 1482 194 1515 vid.
227 1483 320 1524 §67⁰
354 1482 424 1522 πρὶν
459 1483 542 1521 ἡμᾶς
579 1483 637 1514 ὑπὸ
675 1483 866 1515 Διοκλείδαν
892 1483 1023 1520 δεθῆναι.
1077 1483 1252 1516 Andocides

132 1541 253 1574 tandem
282 1545 399 1585 praeter
429 1553 497 1582 eos,
527 1553 603 1584 quos
630 1542 690 1574 iam
720 1542 834 1575 Teucer
864 1543 1086 1583 nominaverat,
1122 1547 1251 1585 quatuor

132 1601 211 1634 viros
234 1601 369 1642 indicat,
393 1605 424 1634 et
446 1601 478 1634 hi
502 1613 624 1644 quoque
647 1601 830 1645 supplicium
853 1602 1005 1646 effugiunt
1029 1603 1108 1645 (ib.).
1146 1602 1247 1636 Nemo

166 1737 185 1771 ¹)
215 1736 338 1764 Praestat
360 1736 438 1765 credo
457 1737 599 1765 discrimen
617 1737 688 1765 inter
706 1739 849 1774 utrumque
868 1738 1022 1774 scriptorem
1041 1739 1149 1771 notare,
1168 1746 1248 1774 quam

128 1779 231 1808 Goetzii
241 1779 370 1807 rationem
380 1780 454 1816 sequi
462 1780 517 1816 qui,
527 1779 700 1816 Thucydideo
711 1779 769 1808 loco
779 1781 875 1814 citato,
885 1790 918 1808 ex
927 1780 1064 1809 Andocide
1076 1780 1163 1809 addit:
1181 1781 1249 1813 ‚Dic

127 1822 240 1850 Boeoter
255 1822 369 1851 standan
387 1822 516 1851 ebeusnns
527 1833 561 1851 an
570 1823 617 1850 der
631 1823 744 1856 Grenze,
764 1823 897 1851 natiirlich
912 1823 959 1851 der
973 1824 1114 1860 Spartaner
1128 1825 1246 1860 wegcu.’'

127 1865 196 1893 Nam
216 1874 263 1893 cur
282 1867 330 1893 aut
347 1865 515 1903 Thucydides
534 1866 664 1899 Boeotos,
684 1868 731 1893 aut
749 1865 899 1894 Andocides
917 1867 1062 1902 Spartanos
1080 1867 1201 1895 omittit?

161 1908 183 1943 2)
212 1908 271 1937 Hoc
295 1908 426 1945 neglexit,
451 1911 478 1937 ct
500 1909 538 1937 ita
560 1909 676 1945 graviter
701 1914 772 1936 errat
796 1909 930 1943 Blassius,
955 1910 1000 1946 qui
1025 1910 1053 1937 in
1075 1909 1159 1938 nobili
1178 1909 1246 1937 libro

127 1951 195 1983 ,Die
219 1952 343 1980 Attisehe
367 1951 585 1980 Beredsmnkeit”
611 1961 638 1988 p.
663 1952 716 1981 274
740 1951 806 1980 Not.
831 1953 855 1980 1.
883 1952 915 1979 dc
938 1952 987 1980 hoc
1007 1952 1158 1980 discrimine
1178 1953 1249 1980 inter

124 1994 288 2022 Andocidem
307 1996 336 2022 et
351 1993 533 2031 Thucydidem
553 1995 591 2022 ita
605 1994 724 2022 disserit:
747 1993 840 2025 ,Doch
856 1995 890 2022 da
906 1994 1057 2023 Andocides
1073 1995 1141 2023 auch
1157 1995 1246 2023 solche

124 2036 274 2065 nusserdem
293 2039 392 2065 nanutc
411 2036 454 2065 dic
472 2046 526 2065 von
543 2037 660 2066 Teucros
681 2036 762 2065 sehon
783 2038 922 2074 angezeigt
941 2047 1042 2072 waren,
1061 2047 1092 2066 so
1109 2039 1143 2066 ist
1159 2039 1246 2067 dieser

123 2079 328 2116 Wiedcrspruch
347 2089 398 2108 nur
415 2080 581 2109 scheinbar.”

1091 2136 1108 2164 3
