1536 2526
763 207 779 235 2

267 312 416 353 Equidem
451 312 524 343 mihi
559 323 748 345 communem
783 311 933 353 quendam
969 310 1111 342 Virorum
1146 310 1329 350 Doctorum,

222 370 274 412 qui
300 371 376 402 hanc
396 374 509 413 partem
524 370 675 402 Historiae
696 374 879 409 tractarunt,
898 380 1027 402 errorem
1040 369 1202 412 repperisse
1215 369 1329 407 videor,

221 440 281 470 quo
305 429 424 461 sublato
448 429 562 472 aliquid
587 434 666 461 certe
691 429 914 472 profecerimus.

264 487 382 530 Nempe
417 499 536 527 omnes,
573 488 625 530 qui
661 488 698 519 de
736 487 1026 530 lIermocopidarum
1059 487 1330 529 mysteriorumque

221 546 398 578 violatorum
430 546 554 578 iudiciis
585 547 787 589 scripserunt,
820 546 929 578 leviter
956 546 1088 588 inspecta
1112 546 1196 578 brevi
1219 549 1250 577 et
1273 545 1329 577 ele·

221 606 303 647 gnnti
342 605 531 647 Thucydidis
564 606 754 643 narratione,
786 615 883 646 neque
917 604 989 636 dum
1024 608 1178 647 perspecta
1211 604 1329 645 Thucy-

219 664 298 696 didis
330 668 442 703 mente,
467 665 562 706 magis
585 676 704 706 operam
729 663 891 702 dederunt,
917 667 951 695 ut
977 663 1183 705 Thucydidem
1207 674 1243 694 ex
1267 664 1329 695 An-

222 723 327 755 docide
355 723 399 755 vel
423 723 549 755 minoris
573 723 664 755 etium
689 723 778 765 pretii
802 722 1000 765 scriptoribus
1023 722 1216 764 supplerent,
1239 732 1330 764 quam

221 786 255 813 ut
287 783 384 824 ipsum
416 783 628 825 intelligerent.
675 781 744 822 Quo
769 782 881 813 sactum
905 784 969 820 est,
995 785 1029 813 ut
1051 792 1154 813 eorum
1177 791 1265 812 nemo
1286 799 1330 806 —

220 841 313 872 libero
334 842 413 873 enim
433 842 530 873 dicam
553 841 627 883 quid
649 842 774 873 sentium
795 860 838 865 —
859 840 1038 872 nobilissimi
1058 840 1212 883 scriptoris
1232 839 1329 872 locum

217 905 296 932 recte
328 901 367 931 sit
404 901 627 942 interpretatus.
667 901 788 932 Etenim
814 900 855 931 ita
880 900 954 931 mihi
979 899 1159 942 persuadeo,
1183 909 1244 930 non
1267 909 1330 930 esse

220 960 405 1002 Thucydidis
437 965 467 992 et
499 960 664 992 Andocidis
697 959 869 991 testimonia
900 959 978 990 inter
1007 970 1038 990 se
1061 957 1266 1001 permiscenda
1288 976 1331 981 —

220 1019 263 1050 sic
298 1019 378 1051 enim
404 1022 551 1058 nascetur,
587 1019 669 1061 quod
704 1030 771 1050 vere
807 1018 910 1050 rudem
945 1017 1188 1060 indigestamque
1221 1016 1330 1049 molem

223 1078 371 1120 appellare
402 1079 499 1120 possis
529 1097 588 1117 —‚
618 1077 670 1109 sed
699 1082 769 1109 ante
792 1077 892 1109 omnia
913 1087 977 1109 esse
1001 1076 1232 1119 explorandum,
1257 1075 1332 1118 quid

223 1137 310 1168 nobis
332 1137 523 1179 Thucydides
549 1137 724 1176 tradiderit,
749 1136 874 1176 deinde,
908 1135 959 1168 ubi
990 1135 1047 1167 hoc
1070 1138 1206 1172 constat,
1230 1133 1332 1166 viden-

223 1197 312 1235 dum,
348 1195 500 1237 quomodo
535 1207 604 1228 cum
640 1196 705 1228 eius
739 1195 914 1227 testimonio
949 1198 1116 1227 ceterorum
1148 1193 1333 1226 narrationes

223 1255 285 1287 sint
317 1255 542 1294 conciliandae,
574 1258 618 1294 et,
650 1254 747 1286 sicubi
779 1255 834 1286 hoc
867 1255 929 1286 fieri
962 1254 1082 1296 nequit,
1115 1253 1232 1292 omnia,
1257 1263 1333 1295 quae

225 1326 293 1346 cum
325 1314 510 1357 Thucydidis
541 1315 722 1346 auctoritate
753 1314 783 1345 in
813 1314 938 1355 gratiam
967 1312 1068 1344 reduci
1100 1323 1159 1344 non
1190 1314 1332 1354 possunt,

227 1378 261 1405 ut
291 1373 447 1405 mendacin
478 1372 525 1404 vel
557 1373 654 1404 futilia
683 1376 850 1404 commenta
882 1383 945 1403 esse
968 1370 1140 1403 reiicienda.
1176 1369 1334 1402 Eiusmodi

227 1432 306 1464 enim
341 1432 528 1474 Thucydidis
563 1431 694 1463 narratio
729 1435 776 1463 est
811 1435 860 1470 ut,
893 1441 1075 1473 quamquam
1107 1429 1181 1471 quid
1212 1428 1269 1461 sibi
1298 1428 1335 1460 de

228 1491 410 1523 Hermaruin
439 1490 647 1522 mutilatorum
672 1491 822 1530 facinore,
848 1490 946 1531 deque
970 1488 1176 1531 mysteriorum
1199 1488 1335 1530 profana·

229 1556 329 1583 torum
360 1550 484 1582 crimine
514 1550 666 1588 videatur,
697 1561 757 1581 non
787 1553 886 1592 aperte
915 1548 1084 1590 eloquitur,
1108 1550 1226 1586 tamen,
1249 1546 1337 1579 dum·

231 1610 321 1641 modo
363 1620 469 1641 sanum
503 1609 645 1641 adhibeas
679 1609 844 1648 iudicium,
879 1611 961 1640 certo
996 1607 1193 1640 demonstrari
1226 1605 1336 1649 possit,

231 1680 307 1711 quac
331 1670 369 1700 sit
395 1669 436 1700 ita
456 1668 603 1700 narrentis
622 1669 788 1700 sententia:
813 1667 895 1710 quod
915 1667 941 1699 si
959 1667 1048 1699 nobis
1064 1665 1224 1708 contigerit
1242 1666 1338 1708 ipsam

231 1728 385 1759 veritatem
410 1727 591 1759 tenebimus.
635 1727 715 1759 Nam
739 1727 822 1769 quod
844 1726 912 1768 quis
934 1725 1121 1764 dissimulat,
1145 1725 1228 1767 quod
1250 1724 1340 1757 silen-

232 1787 276 1818 tio
305 1798 436 1830 premere
466 1786 523 1818 sibi
556 1787 728 1830 proposuit,
759 1787 784 1817 si
814 1790 912 1818 tamen
943 1796 960 1817 e
987 1784 1086 1817 verbis
1110 1784 1219 1826 quibus
1241 1784 1341 1817 utitur

233 1846 306 1878 bene
339 1846 549 1889 perspicimus,
581 1846 638 1878 hoc
662 1846 749 1878 credo
773 1856 912 1888 magnam
935 1844 1024 1877 habet
1046 1843 1244 1887 persuadendi
1266 1843 1340 1876 vim.

279 1905 406 1937 Initium
434 1917 506 1948 ergo
531 1906 573 1937 ita
598 1906 723 1945 faciam,
748 1909 782 1938 nt
801 1905 934 1948 primum
956 1904 1045 1937 verba
1067 1903 1254 1947 Thucydidis
1275 1901 1341 1935 bre-

233 1965 311 1996 viter
343 1976 526 2007 proponam,
560 1965 710 2007 simulque
737 1968 894 2004 annotem,
931 1964 1004 2006 quid
1031 1963 1068 1995 ab
1100 1963 1264 1995 Historicis
1286 1964 1342 1994 aut

233 2024 403 2066 neglectum
431 2024 471 2055 sit
494 2027 546 2056 aut
573 2024 674 2056 minus
698 2027 777 2056 recte
800 2022 987 2056 intellectum
996 2036 1005 2062 3
1036 2022 1144 2054 deinde
1167 2021 1339 2064 exquiram,

230 2094 306 2124 quae
339 2083 429 2115 fucrit
453 2083 546 2122 ratio,
582 2083 666 2125 quod
690 2083 852 2115 consilium
883 2082 1064 2115 Hermarum
1091 2081 1300 2115 mutilatorum
1323 2089 1341 2112 e
