1536 2526
748 194 784 224 17

199 312 265 333 aum
299 303 375 334 satis
408 302 526 340 mirari,
563 302 644 333 viros
679 301 784 332 doctos
820 301 863 331 ita
895 300 925 331 in
957 299 1037 331 clara
1064 298 1130 329 lucc
1158 294 1317 327 caecutire.

199 360 286 392 Unus
310 360 436 392 Grotius
460 362 483 402 ¹)
509 360 557 392 hic
581 371 701 402 quoque
725 358 782 390 sibi
814 359 928 401 imponi
961 368 1065 401 passus
1098 367 1158 388 non
1189 359 1252 394 est,
1285 358 1316 386 et

198 420 258 452 sere
281 420 398 459 omnia,
424 431 500 461 quac
524 419 555 451 in
579 430 613 451 ea
636 418 770 450 oratione
795 417 967 449 Alcibiades
999 415 1144 448 mentitus
1175 418 1235 453 est,
1269 425 1313 446 re-

197 479 327 519 futavit;
362 490 461 521 neque
496 482 594 511 tamen
631 479 661 510 in
697 489 728 510 re
763 482 823 510 tam
859 481 961 519 aperta
992 480 1053 507 tam
1081 474 1164 517 gravi
1190 477 1312 506 auctore

195 549 271 581 opus
293 541 348 570 est.
396 538 497 578 Quid,
529 549 658 581 quaeso,
687 537 895 580 impudentius
925 536 962 568 ab
987 534 1146 568 Alcibiade
1170 533 1230 565 dici
1258 545 1311 576 po-

195 598 256 630 tuit
275 610 384 642 quam:
409 603 464 635 τῆς
488 599 690 639 ὑπαρχούσης
711 598 886 632 ἀκολασίαις
906 596 1096 635 ἐπειρώμεθα
1117 595 1311 634 μετριώτεροι

194 658 224 694 ἐς
243 659 285 690 τὰ
303 660 451 691 πολιτικὰ
470 658 565 697 eluxi,
582 659 636 701 qui
654 663 724 690 ante
740 669 850 701 paucos
866 668 981 689 menses
995 656 1103 688 Niciae
1123 654 1311 696 aliorumque

194 717 225 749 in
246 718 401 761 republica
420 719 649 762 temperantiam
668 719 810 750 acerrime
828 718 1048 760 impugnasset,
1069 719 1099 747 et
1115 715 1236 746 infimae
1251 713 1311 756 ple—

193 776 314 809 beculae
331 778 454 810 levitate
474 782 504 810 et
524 778 702 811 credulitate
725 777 836 810 abusus
854 781 930 809 esset
949 780 982 808 ut
1006 776 1124 807 funesta
1148 773 1198 805 illa
1221 784 1310 815 expc-

192 835 270 868 ditio
294 837 397 869 fieret?
444 837 523 878 Quis
547 848 680 880 unquam
703 836 857 879 perfidiam
883 839 913 868 et
933 835 1080 867 fallaciam
1106 833 1306 865 scelestiorem

189 895 332 928 adversus
348 896 449 928 hostes
471 897 630 929 acerrimos
654 896 810 935 adhibuit,
837 907 926 937 quam
951 905 1011 937 qua
1029 892 1204 926 Alcibiades
1219 892 1308 935 Spar-

189 958 276 988 tanos
301 956 408 988 foedus
433 959 464 988 et
480 957 645 989 amicitiam
666 967 734 988 cum
758 955 996 988 Atheniensibus
1020 956 1157 996 petentes
1184 952 1307 995 decepe-

188 1019 252 1055 rat,
276 1027 391 1058 quum,
408 1016 543 1059 privatas
565 1016 742 1048 inimicitias
763 1015 926 1048 ulciscendi
951 1025 1059 1053 causa,
1084 1012 1214 1045 foederis
1234 1023 1305 1044 cum

186 1075 310 1118 Argivis
334 1079 440 1108 auctor
459 1076 636 1108 exsisteret?
683 1076 796 1108 Tamen
821 1075 858 1108 de
881 1087 915 1107 ca
935 1086 966 1106 re
990 1075 1033 1106 ita
1054 1073 1191 1115 loquitur
1214 1073 1303 1114 quasi

184 1134 280 1167 iustas
304 1134 480 1167 inimicitias
504 1138 606 1178 aperto
631 1135 792 1167 certamine
817 1134 1000 1167 exercuerit:
1037 1132 1089 1164 ux}
1118 1132 1168 1164 διὰ
1193 1134 1300 1164 τκῦτκ

184 1194 307 1230 δικαίως
333 1195 386 1226 ὑπ’
409 1195 484 1234 ἐμοῦ
510 1195 582 1235 πρός
609 1207 643 1227 τε
666 1195 709 1227 τὲι
734 1194 913 1226 Μαντινέων
938 1193 989 1225 uxi
1013 1192 1162 1232 ’Λργείων
1186 1203 1300 1232 τρκπε-

182 1254 275 1293 μένου
310 1255 362 1287 uxi
398 1254 457 1288 ἴσαι
490 1255 580 1287 ἄλλαι
613 1256 818 1294 ἠναντιούμην
857 1255 928 1293 ὑμῖν
961 1253 1174 1288 &Barim-550&
1221 1251 1300 1292 Quis

181 1318 246 1346 tota
280 1315 405 1348 Graecia
440 1316 542 1348 minus
577 1316 691 1348 alienus
725 1319 790 1348 erat
820 1315 857 1347 ab
888 1314 1078 1347 affectatione
1106 1310 1297 1355 tyrannidis?

179 1373 292 1406 Tamen
316 1386 375 1407 non
400 1375 495 1418 pudet
517 1387 585 1408 eum
611 1376 642 1407 in
660 1375 782 1419 publico
806 1378 959 1407 conventu
978 1374 1094 1413 dicere,
1118 1384 1150 1406 se
1173 1383 1208 1404 eo
1232 1375 1296 1403 tan-

179 1436 244 1464 tum
263 1434 385 1466 nomine
407 1435 580 1478 popularem
605 1435 666 1467 dici
689 1446 791 1478 posse,
815 1434 896 1476 quod
913 1433 1082 1476 tyrannidis
1106 1431 1295 1464 adversarius

177 1491 228 1524 sit.
274 1492 416 1526 Profecto
439 1494 492 1537 qui
516 1495 576 1534 ita,
609 1506 807 1538 quaecunque
837 1497 926 1526 antea
949 1493 1043 1537 gessit
1066 1491 1292 1535 cogitavitque,

176 1563 212 1584 eo
236 1552 412 1595 detorquet,
445 1557 480 1586 ut
509 1565 541 1587 se
570 1554 724 1587 hominem
755 1555 973 1597 Spartanorum
1004 1552 1158 1586 mentibus
1181 1555 1213 1584 et
1237 1562 1289 1583 vo-

174 1709 336 1746 Einsetzung
359 1710 405 1738 der
428 1711 481 1738 400
502 1711 628 1747 gebracht
653 1711 675 1738 is
695 1710 739 1746 (ab
758 1711 876 1739 Isocrate
894 1711 921 1738 iu
939 1720 977 1739 or.
995 1710 1028 1738 de
1047 1710 1141 1747 bigis),
1165 1718 1195 1736 so
1222 1705 1286 1735 wird

172 1752 216 1780 dio
236 1752 346 1789 Angabc
364 1762 409 1781 um
431 1763 461 1781 so
479 1753 670 1790 verdiichtiger,
689 1753 729 1781 als
748 1754 797 1782 wir
820 1753 863 1781 dic
886 1754 1044 1790 gewiclitige
1067 1752 1218 1787 Erklfirung
1241 1750 1288 1778 des

171 1795 344 1831 Thukydidea
372 1795 500 1830 boeitzen,
528 1797 570 1825 die
597 1797 684 1825 dieser
710 1806 788 1832 sogar
815 1798 872 1825 dem
892 1797 1049 1825 Alkibiades
1072 1795 1157 1824 selbst
1181 1795 1208 1822 in
1235 1793 1286 1821 den

172 1838 256 1866 Mund
276 1838 365 1875 gelcgt
383 1839 442 1873 hat,
462 1839 523 1867 dass
541 1849 569 1868 er
591 1849 642 1868 von
661 1840 713 1868 dea
733 1840 914 1868 Demokratcu
933 1840 987 1867 und
1006 1839 1086 1868 deren
1105 1839 1222 1867 Fi'drrcrn
1236 1846 1284 1864 aus

171 1881 260 1909 Athen
274 1881 420 1909 veru-ichen
433 1883 471 1910 sei
485 1882 552 1918 (VI,
564 1884 610 1915 893
624 1882 710 1916 VIII,
725 1885 772 1916 47;
787 1883 870 1919 vcrgl.
884 1884 952 1912 auch
966 1884 1052 1916 VIII,
1074 1884 1121 1915 53;
1134 1881 1189 1915 VI,
1203 1882 1283 1916 15.).”

206 1925 327 1953 Ultimus
345 1924 432 1959 locus,
460 1936 537 1962 quem
557 1927 588 1954 G.
603 1927 693 1959 affert,
719 1927 786 1954 nihil
809 1927 903 1963 probat
927 1929 1032 1964 praeter
1055 1926 1082 1954 id
1103 1925 1173 1963 quod
1193 1933 1285 1952 omncs

168 1971 281 2001 norunt,
306 1968 425 1997 homines
448 1969 590 2006 populares
616 1970 642 1997 in
668 1970 784 1997 omnium
810 1972 953 2006 conspectu
978 1979 1041 1997 suas
1065 1979 1125 1997 cum
1145 1967 1283 1997 Alcibiade

168 2011 322 2039 iuimicitias
341 2021 397 2040 ease
415 2016 582 2049 persecutos:
602 2015 629 2040 ct
647 2013 717 2048 quod
736 2013 768 2040 ad
788 2013 872 2047 vlu,
893 2015 926 2041 53
946 2014 1057 2046 attinet,
1076 2013 1137 2049 quis
1154 2011 1281 2039 Pisandro

167 2054 243 2082 fidem
264 2054 376 2082 habeat?

204 2099 223 2132 ¹)
243 2097 313 2129 vn,
335 2099 394 2125 240.

1108 2155 1123 2173 ι)
