1536 2526
670 192 710 221 45

134 299 269 331 iudicum
295 298 530 331 misericordiam
554 303 706 341 provocat.
755 298 867 329 Verum
895 297 932 329 ab
961 309 996 329 ea
1024 296 1118 329 animi
1142 296 1250 328 demis-

133 358 218 390 sione
243 369 333 400 quam
358 362 473 389 remota
496 361 542 389 est
567 357 663 389 oratio
693 356 730 387 dc
764 355 925 398 mysteriis.
974 356 1145 388 Restitutus
1168 356 1249 388 enim

134 421 203 460 post
222 417 481 459 trigintavirorum
502 416 752 455 dominationem,
781 427 874 457 quum
895 416 952 447 iam
975 420 1034 447 tres
1053 427 1147 447 annos
1167 427 1251 447 secu-

135 488 186 509 rus
214 477 244 508 in
284 476 357 508 urbe
393 477 534 515 vixisset,
559 475 680 507 tandem
712 475 749 506 ab
779 475 911 507 inimicis
940 475 1063 512 ἐνδείξει
1099 475 1149 506 illa
1177 474 1252 516 peli-

135 540 195 568 tur.
242 535 344 567 Habet
380 546 458 577 quae
494 535 539 566 illi
577 534 755 576 respondeat
788 538 879 576 atque
915 538 1063 576 opponat,
1100 538 1130 565 et
1170 533 1252 574 quod

136 596 300 628 maximum
336 598 398 634 est,
426 595 486 626 iam
523 593 652 626 sedecim
685 594 754 625 anni
787 599 856 636 post
887 593 1068 625 Hermarum
1106 593 1251 635 flagitium

135 659 220 687 erant
244 655 355 697 elapsi,
380 659 410 686 et
433 654 520 685 ardor
541 653 653 684 civium
675 653 796 684 sedatus
815 657 888 684 erat.
923 652 1000 685 Cum
1025 652 1136 684 fiducia
1159 652 1255 694 igitur

135 718 166 746 et
190 715 288 758 capite
311 718 412 746 erecto
435 725 466 745 se
490 713 667 745 criminibus
687 712 724 744 ab
744 712 877 744 inimicis
900 713 932 744 in
956 723 988 744 se
1011 712 1163 754 congestis
1186 723 1253 754 pur·

136 777 197 817 gat.
233 773 317 813 Quid
344 773 453 805 mirum
478 773 582 814 igitur,
608 772 639 803 in
657 783 690 803 ea
711 771 847 803 oratione
867 771 977 803 audere
995 783 1063 803 eum
1087 771 1119 803 id
1144 772 1255 814 fingere

136 837 167 865 et
191 833 328 871 mentiri,
358 832 441 875 quod
463 832 592 864 sedecim
616 831 703 862 annis
728 835 798 863 ante
821 842 912 863 ausus
939 842 999 863 non
1031 835 1112 870 erat,
1145 831 1170 862 si
1195 830 1253 862 iam

136 896 182 924 est
205 892 279 924 illud
308 891 515 930 mendacium;
540 902 608 923 nam
638 891 701 922 fieri
726 894 826 933 potest
851 894 900 930 ut,
926 902 1020 932 quum
1049 889 1254 922 misericordia

137 952 249 984 civium
273 963 304 984 se
328 951 501 984 restitutum
525 950 562 982 iri
587 954 734 993 speraret,
766 961 825 982 non
857 954 991 982 censeret
1020 961 1035 981 e
1060 961 1114 982 sua
1138 961 1168 981 re
1192 960 1254 981 esse

138 1011 303 1053 quidquam
327 1010 365 1042 de
387 1021 441 1042 sua
464 1010 651 1042 confessione
675 1009 802 1042 demere.

185 1129 281 1162 Video
313 1128 424 1161 multos
456 1129 487 1161 in
518 1140 553 1160 eo
583 1129 703 1161 haerere
735 1129 834 1171 quod,
866 1140 959 1171 quum
983 1129 1166 1162 Plutarchus
1190 1141 1254 1172 per-

139 1189 242 1232 spicue
272 1192 419 1231 exponat,
451 1187 603 1230 quomodo
635 1188 790 1220 Dioclides
822 1188 862 1220 sit
897 1189 1056 1222 convictus
1087 1189 1254 1228 mendacii,

139 1260 246 1291 nempe
269 1259 322 1288 eo,
347 1247 429 1290 quod
459 1259 553 1290 quum
585 1251 665 1280 esset
693 1248 858 1287 νουμηνία,
886 1259 918 1280 se
948 1248 1186 1292 Hermocopidas
1217 1249 1256 1281 ad

138 1308 228 1340 lunae
251 1307 352 1340 lumen
375 1308 533 1351 agnovisse
555 1308 696 1347 dixisset,
721 1308 757 1340 de
785 1319 820 1340 eo
838 1308 913 1340 nihil
938 1308 1046 1340 habeat
1071 1308 1256 1341 Andocides.

139 1367 249 1409 Itaque
283 1370 381 1399 totum
412 1367 485 1399 illud
521 1367 551 1398 in
587 1367 712 1399 dubium
738 1371 826 1399 vocat
861 1367 1002 1408 Grotius,
1038 1371 1191 1411 negatque
1221 1379 1257 1400 eo

140 1430 274 1469 tempore
297 1426 496 1458 interlunium
518 1426 620 1458 fuisse.
656 1426 769 1458 Contra
794 1427 951 1466 Naberus,
976 1427 1138 1459 Plutarcho
1162 1438 1256 1468 quum

141 1486 229 1518 fidem
252 1485 380 1525 habeat,
414 1497 449 1517 eo
480 1496 601 1527 quoque
624 1490 804 1528 argumento
837 1486 944 1525 utitur,
980 1497 1042 1528 quo
1066 1486 1256 1519 Andocidem

140 1545 308 1587 redarguat.
355 1544 504 1586 Equidem
539 1556 609 1577 cum
644 1548 751 1577 neutro
782 1545 877 1578 facere
900 1556 1033 1588 possum.
1079 1546 1151 1578 Non
1175 1546 1255 1578 enim

140 1604 246 1644 video,
280 1608 400 1637 tantum
436 1604 514 1637 inter
547 1608 694 1637 oratorem
725 1609 756 1637 et
781 1605 960 1638 historicum
984 1606 1138 1640 interesse.
1185 1606 1256 1638 Per-

140 1664 271 1697 multum
294 1665 375 1697 enim
398 1664 497 1704 abest,
523 1668 557 1697 ut
581 1664 618 1696 de
642 1676 677 1697 ea
703 1676 735 1697 re
758 1668 856 1697 taceat
888 1668 1003 1704 orator,
1035 1665 1119 1708 quod
1150 1670 1255 1698 contra

140 1726 202 1765 est,
228 1735 321 1766 quum
343 1723 390 1756 bis
419 1726 513 1766 ponat
542 1723 618 1756 illud
645 1724 836 1761 πανσέληνον
867 1728 898 1757 et
928 1725 1000 1764 πρὸς
1026 1725 1081 1761 τὴν
1105 1726 1253 1765 σελήνην,

140 1786 171 1815 et
194 1783 285 1826 paulo
309 1786 378 1815 unte
402 1783 554 1815 auditores
578 1783 662 1816 valde
686 1783 845 1816 admoneat
868 1787 903 1816 ut
925 1784 1061 1816 animum
1085 1785 1255 1826 attendant,

140 1853 175 1875 eo
198 1842 271 1875 satis
294 1842 427 1875 ostendit
450 1842 507 1875 sibi
531 1854 596 1875 eam
622 1854 685 1875 rem
712 1843 794 1876 haud
818 1844 902 1887 parvi
926 1844 1071 1876 momenti
1094 1844 1203 1879 videri.

185 1901 271 1942 Quae
305 1902 415 1934 inesset
450 1902 482 1934 in
517 1902 668 1934 Dioclidis
703 1902 817 1935 indicio
852 1903 1068 1942 contradictio,
1102 1904 1254 1936 auditores

140 1962 241 2005 fugere
269 1972 329 1994 non
361 1965 494 2004 poterat,
526 1965 631 2004 utpote
660 1962 712 2004 qui
743 1961 835 2004 probe
867 1967 1005 2003 nossent,
1031 1974 1091 2005 quo
1118 1966 1252 2007 tempore

138 2021 298 2054 solvendae
322 2025 421 2054 essent
444 2022 476 2053 αἱ
501 2021 670 2061 ἀπσφοραί.
719 2021 790 2054 Non
819 2033 890 2066 ergo
913 2023 1064 2055 Andocidi
1088 2035 1165 2067 opus
1188 2027 1253 2056 erat

138 2092 275 2120 narrare,
314 2083 383 2124 post
419 2091 504 2114 suam
547 2080 813 2114 denunciationem
847 2092 883 2114 eo
916 2093 1039 2125 quoque
1074 2087 1252 2127 argumento
