1536 2526
726 221 766 253 12

232 327 372 359 Nondum
389 328 507 365 omnia,
531 339 608 369 quae
631 339 667 359 ex
692 331 794 360 nostro
813 329 878 360 loco
899 329 973 360 disci
998 334 1141 372 possunt,
1162 331 1298 373 exposui.

188 385 330 427 [nqnilini
362 397 467 428 nempe
502 387 546 419 illi
583 391 613 419 et
638 387 827 429 pedissequi,
853 388 966 430 quibus
990 389 1085 431 prima
1113 389 1225 421 indicia
1249 389 1298 421 de-

186 444 309 484 bentur,
345 445 381 477 dc
412 445 480 477 aliis
516 446 638 488 quidem
674 446 796 478 deorum
833 447 1002 479 simulacris
1029 451 1059 479 et
1086 448 1123 480 de
1150 449 1299 491 mysteriis

185 504 347 547 profanatis
371 504 520 544 indicant,
546 505 596 536 sed
620 505 656 536 de
683 505 802 537 Hermia
828 506 899 548 ipsis
914 531 921 538 .
936 530 943 538 .
958 530 987 538 ..
1011 507 1090 539 nihil
1114 509 1149 549 ¹).
1196 508 1297 550 Magis

185 563 241 594 boc
265 567 442 606 argumento
465 575 554 604 quam
578 565 684 595 ceteris
704 564 846 596 omnibus
865 565 1009 607 probatur
1030 566 1080 605 id,
1105 567 1184 608 quod
1209 567 1297 598 modo

184 621 386 653 demonstrare
419 626 544 653 conatus
580 634 645 654 sum
668 624 712 663 5l),
745 627 881 654 auctores
908 623 983 665 legis
1016 625 1082 663 περὶ
1109 628 1166 656 τῶν
1190 624 1297 658 ἄλλων

184 681 398 719 ἀσεβημάτων
423 693 511 713 unam
537 681 704 713 Alcibiadis
725 682 888 723 perniciem
906 686 1069 724 spectasse,
1095 683 1131 715 de
1154 684 1298 727 religione

184 744 214 771 et
238 741 478 772 consternatione
503 740 623 782 publica
647 740 720 772 satis
739 751 874 779 securos;
899 741 1018 773 eosdem
1040 742 1200 775 immisisse
1219 743 1298 775 indi-

185 810 249 837 ces,
279 810 338 830 nou
363 799 416 840 qui
440 798 477 830 de
501 799 586 841 impii
612 799 771 838 facinoris,
797 799 878 841 quod
911 801 1048 832 omnium
1072 801 1187 834 animos
1213 803 1298 845 gravi

187 862 296 889 terrore
321 857 503 900 perculerat,
530 857 704 889 auctoribus
728 858 871 901 populum
896 859 1028 891 facerent
1051 860 1224 900 certiorem,
1247 861 1298 893 sed

187 917 238 958 qui
269 915 440 948 facultatem
473 920 502 948 et
538 917 725 949 occasionem
765 917 939 960 praeberent
970 918 1159 951 Alcibiadem
1195 931 1300 962 aggre-

187 974 298 1007 diendi.
347 975 475 1014 Verum,
508 987 690 1018 quamquam
720 976 763 1008 sic
797 977 870 1008 satis
904 977 1095 1020 intelligitur,
1135 990 1152 1009 a
1186 978 1299 1010 talibus

188 1033 361 1072 hominibus
393 1045 452 1065 non
482 1034 575 1066 fuisse
607 1035 791 1077 expectanda
821 1035 998 1076 gravissima
1025 1040 1055 1068 et
1085 1038 1209 1069 maximi
1234 1048 1299 1071 mo·

188 1093 279 1124 menti
306 1092 416 1124 indicia
439 1093 476 1124 de
500 1093 748 1136 Hermocopidis‚
781 1099 880 1127 tamen
907 1095 988 1136 quod
1012 1096 1090 1128 nihil
1113 1097 1237 1129 omnino
1261 1098 1299 1130 de

188 1151 225 1182 iis
253 1150 452 1183 indicaverint
483 1155 528 1183 est
559 1153 642 1193 quod
673 1153 824 1185 miremur.
870 1153 966 1186 Causa
1003 1158 1104 1186 tamen
1133 1167 1195 1188 non
1225 1156 1299 1189 latet

188 1210 217 1241 in
246 1210 346 1241 densis
368 1210 514 1243 tenebris:
539 1211 703 1243 dummodo
727 1223 831 1244 sanum
851 1212 995 1244 adhibeas
1019 1213 1184 1254 iudicium,
1208 1214 1298 1247 simul

186 1273 216 1300 et
243 1280 276 1300 ea
299 1280 387 1301 causa
410 1281 487 1311 quac
511 1270 602 1302 fuerit
625 1271 799 1313 apparebit,
829 1276 859 1303 et
892 1272 965 1313 quid
997 1272 1033 1304 de
1063 1272 1298 1316 Hermocopida-

187 1338 251 1358 rum
276 1328 392 1370 flagitio
414 1329 454 1360 sit
478 1329 676 1368 censendum,
702 1331 798 1372 magis
827 1341 916 1372 quam
950 1331 974 1361 si
1007 1331 1207 1373 undecunque
1238 1333 1298 1364 col-

187 1386 262 1427 ligas
301 1387 472 1418 testimonia
507 1388 712 1430 perspicietur.
770 1389 911 1420 Dicebam
945 1400 1008 1421 esse
1043 1390 1124 1430 quod
1157 1391 1299 1423 miremur

187 1445 299 1477 indices
323 1445 359 1477 dc
384 1446 456 1488 ipsis
474 1446 706 1489 Hermocopidis
730 1447 806 1479 nihil
834 1459 975 1480 narrasse.
1013 1447 1169 1487 Profecto,
1195 1460 1298 1490 quam·

188 1505 232 1535 vis
258 1505 446 1547 impudentes
471 1505 537 1537 illos
562 1506 667 1547 fingaS,
692 1507 743 1548 qui
772 1518 874 1538 servos
897 1519 966 1539 snos
989 1507 1027 1539 ad
1050 1507 1242 1539 indicandum
1265 1507 1297 1539 in

186 1564 356 1595 contionem
370 1563 523 1603 miserint,
538 1568 636 1596 tamen
650 1569 713 1596 erat
724 1577 769 1597 res
785 1566 877 1598 ardua
897 1570 927 1598 et
945 1567 1126 1609 suspicionis
1142 1566 1245 1609 plena,
1261 1566 1298 1598 de

186 1634 236 1661 eo,
256 1621 335 1663 quod
349 1622 523 1664 primarium
536 1627 614 1661 erat,
633 1628 745 1663 tacere,
769 1629 798 1656 et
817 1626 918 1657 statim
939 1626 976 1657 ad
990 1626 1049 1657 alia
1062 1626 1153 1668 impia
1166 1626 1298 1658 facinora

187 1681 321 1713 transire.
368 1680 472 1720 Certe,
496 1681 520 1713 si
546 1682 589 1713 illi
616 1683 711 1714 celare
736 1683 861 1722 vellent,
888 1684 943 1716 sibi
964 1696 1026 1716 esse
1048 1685 1180 1726 aliquam
1204 1684 1298 1717 socie-

187 1745 277 1771 tatem
313 1751 381 1771 cum
418 1741 593 1773 auctoribus
628 1742 702 1784 legis
741 1743 808 1781 περὶ
840 1744 898 1774 τῶν
929 1743 1033 1774 ἄλλων
1065 1742 1295 1781 ἀσεβημάτων,

188 1799 282 1830 multo
310 1799 428 1830 cautius
453 1800 607 1839 fecissent,
640 1801 664 1832 si
696 1802 802 1833 saltem
835 1802 948 1844 aliquid
976 1802 1013 1834 de
1043 1803 1082 1834 iis
1113 1803 1214 1845 impiis
1245 1803 1297 1843 qui

223 1929 242 1961 ¹)
267 1927 307 1954 Ad
336 1927 401 1955 illud
422 1931 480 1961 περὶ
501 1931 552 1961 μὲν
574 1930 628 1955 τῶν
648 1928 750 1962 Ἑρμῶν
773 1928 849 1956 οὐδέν
872 1939 948 1957 nemo
971 1929 1153 1957 historicorum
1174 1930 1298 1960 attendit.

187 1970 298 1998 Prorsus
316 1971 418 1999 omittit
440 1972 544 2000 Gilbcrt
566 1972 604 2001 1.l.
626 1983 652 2009 p.
672 1974 732 2002 267.

223 2013 243 2047 ⁷)
270 2013 353 2041 Miror
381 2015 511 2042 neminem
531 2025 630 2047 eorum,
658 2017 703 2051 qui
732 2025 836 2052 operam
863 2015 992 2044 dederunt
1018 2020 1047 2044 ut
1075 2017 1299 2051 demonstrarent,

188 2056 353 2084 Alcibiadem
378 2057 411 2084 ab
431 2059 501 2085 omni
523 2059 680 2086 nonnarum
704 2059 886 2087 mutilatorum
911 2059 1060 2096 suspicione
1079 2069 1136 2088 esse
1155 2063 1298 2094 remotum,

188 2100 282 2132 (Grote
302 2110 327 2136 p.
348 2101 410 2135 170)
429 2100 462 2128 dc
483 2101 531 2129 boc
550 2104 705 2137 argumento
723 2102 863 2137 cogitasse.
