1536 2526
691 205 730 235 41

155 312 320 350 μεγίστοιν
344 310 467 350 θάτερον
492 312 635 347 ἑλέσθαι,
670 313 755 350 ›iu-37
789 312 970 350 βουληθέντι
1006 318 1169 345 κατειπεῖν
1201 314 1272 349 τοὺς

155 374 262 402 ταῦτα
296 371 488 406 ποιήσαντας
522 372 553 402 οὐ
586 371 654 411 περὶ
687 372 762 409 ἐμοῦ
795 372 887 410 μόνου
920 373 1053 412 ὀρρωδεῖν
1092 373 1120 405 εἴ
1150 385 1179 405 τι
1213 374 1271 406 ἔδει

155 431 282 466 παθεῖν,
318 430 407 462 ἀλλὰ
439 430 492 462 καὶ
524 430 575 462 τὸν
608 430 732 470 πατέρα
757 430 841 462 οὐδὲν
866 432 1034 463 ἀδικοῦνται
1062 433 1118 464 σὺν
1145 435 1271 474 ἐμαυτῷ

155 491 358 525 ἀποκτεῖναι,
396 489 412 526 ἢ
447 489 628 522 κατειπόντι
660 491 754 522 αὐτὸν
786 491 844 529 μὲν
871 492 1033 531 ἀφεθέντα
1058 493 1102 530 μὴ
1128 494 1271 526 τεθνάναι

154 551 208 581 τοῦ
230 550 261 582 δὲ
287 551 423 588 ἐμαυτοῦ
446 551 563 589 πατρὸς
590 551 634 588 μὴ
659 551 757 591 φονέα
781 551 938 589 γενέσθαι.
989 552 1084 590 ῃΝοιι
1113 552 1270 596 intelligo’'

154 609 198 641 ait
222 620 297 648 „cur
321 610 376 641 hoc
401 614 460 641 tum
485 610 626 642 miserum
657 611 807 643 Andocidi
840 611 938 643 visum
971 611 1019 643 sit.
1067 611 1165 643 Novit
1196 612 1272 644 Her-

155 668 386 711 mocopidarum
421 670 560 710 nomina,
597 671 683 702 novit
711 674 741 702 et
771 670 846 702 alios
874 682 926 713 per
950 671 1132 703 calumniam
1157 683 1175 704 a
1198 672 1272 704 Dio-

155 728 233 760 elide
261 728 411 761 indicatos
445 741 509 761 esse
536 734 566 762 et
600 729 784 772 Leogoram;
820 731 922 772 itaque
955 730 1119 762 denunciat
1149 741 1214 762 reos
1241 734 1272 763 et

154 791 255 819 servat
279 792 343 820 tum
368 792 482 831 patrem
508 793 572 820 tum
597 793 712 821 ceteros
735 793 890 832 cognatos.
937 789 1098 830 Quomodo
1126 790 1184 822 hoc
1207 791 1272 822 cui-

154 858 245 889 quam
269 847 408 880 dedecori
432 859 496 880 csse
520 848 662 891 potest?”
709 848 747 880 Et
771 853 841 891 post
868 860 964 892 pauca
1000 849 1108 890 „Quae
1136 853 1182 881 est
1214 850 1271 881 ista

154 907 328 949 oppositio?
375 907 419 939 Eo
454 907 591 939 redactus
626 908 685 947 fui,
722 912 756 939 ut
788 912 840 940 aut
872 908 946 940 mihi
978 909 1036 951 ipsi
1071 908 1160 940 simul
1200 920 1269 940 cum

155 970 237 1008 patre
261 967 446 1009 pereundum
473 971 567 1007 esset,
591 971 644 999 aut
668 979 715 999 me
741 968 840 1010 ipsum
868 979 1016 1000 servarem
1041 971 1071 999 et
1094 970 1210 1010 patrem
1234 979 1270 1000 ex

156 1026 355 1066 ignominiosa
391 1029 487 1058 morte
521 1027 676 1069 eriperem.
723 1027 759 1059 In
796 1026 850 1058 tali
886 1027 1059 1059 discrimine
1092 1027 1175 1070 optio
1210 1038 1270 1059 non

154 1086 228 1118 adeo
251 1086 381 1118 difficilis
405 1092 467 1125 est,
492 1086 611 1129 opinor.
652 1086 717 1118 Hae
742 1086 935 1118 difficultates
958 1086 1093 1128 superari
1117 1097 1178 1118 non
1202 1097 1271 1129 pos-

154 1148 227 1176 sunt
251 1145 327 1184 nisi,
359 1147 403 1184 μὴ
428 1146 542 1185 eiecto,
578 1146 726 1189 legamus,
760 1149 813 1178 τοῦ
839 1146 1004 1184 azmorna
1030 1146 1146 1185 πατρὸς
1171 1145 1270 1185 Φονέα

153 1204 333 1243 γενέσθαι.”

198 1264 258 1296 Hic
292 1264 366 1296 mihi
398 1276 502 1308 rogare
534 1265 622 1296 licet:
660 1264 746 1304 Quae
771 1268 817 1296 est
846 1266 903 1296 ista
930 1264 1104 1307 oppositio?
1150 1264 1182 1296 Si
1210 1276 1270 1297 non

151 1324 363 1356 denunciarem
395 1336 478 1363 reos,
512 1328 626 1367 patrem
656 1324 825 1367 perderem,
857 1325 882 1355 si
913 1323 1144 1362 denunciarem,
1168 1323 1271 1366 perde-

152 1383 234 1415 rem?
278 1384 350 1415 Non
381 1388 426 1415 est
456 1384 487 1415 in
519 1383 572 1415 tali
597 1383 771 1415 discrimine
796 1383 928 1414 difficilis
952 1383 1054 1425 optio,
1087 1386 1155 1414 utra
1178 1383 1270 1414 lectio

151 1443 192 1474 sit
215 1442 382 1475 absurdior.
429 1443 547 1485 Nempe
571 1443 651 1484 quod
677 1443 770 1485 vulgo
792 1443 906 1484 legitur
936 1442 1100 1474 rectissime
1132 1453 1195 1474 sese
1220 1442 1270 1474 ha-

151 1501 212 1534 bet.
260 1502 297 1533 In
325 1502 460 1534 oratione
496 1503 575 1533 enim
613 1502 649 1534 de
686 1502 784 1533 reditu
809 1501 982 1534 Andocides
1005 1502 1069 1543 ipse
1097 1501 1209 1533 fatetur
1239 1513 1269 1533 se

152 1560 244 1592 fuisse
272 1562 303 1593 in
332 1561 623 1604 Hermocopidarum
659 1573 800 1594 numero:
816 1554 890 1593 'hoc
914 1565 959 1593 est
983 1561 1060 1593 illud
1086 1560 1267 1600 ἐξαμαρτα-

152 1632 210 1652 νειν
247 1621 327 1662 quod
361 1620 500 1652 Naberus
539 1621 712 1652 coniectura
751 1632 804 1652 sua
840 1632 875 1652 eo
910 1620 1088 1662 detorquere
1117 1620 1197 1659 vult,
1235 1624 1269 1652 ut

151 1680 301 1722 significet,
324 1681 510 1712 Andocidem
535 1684 649 1722 patrem
673 1691 760 1712 suum
786 1680 998 1717 denunciasse,
1023 1679 1121 1722 quod,
1147 1684 1182 1711 ut
1205 1680 1269 1722 ipse

152 1738 232 1770 vidit
261 1738 418 1778 Naberus,
452 1739 489 1771 ab
513 1739 653 1771 omnibus
679 1739 876 1782 scriptoribus
907 1739 1067 1779 abhorret,
1093 1739 1144 1781 qui
1177 1739 1268 1771 huius

152 1798 294 1841 temporis
317 1798 473 1830 historiam
495 1799 697 1842 scripserunt,
722 1810 790 1831 cum
809 1811 869 1831 uno
888 1798 1178 1842 pseudo-Plutarcho
1198 1811 1268 1831 con·

152 1859 245 1890 veuit.
284 1858 392 1891 Totius
419 1858 477 1890 loci
502 1859 574 1890 haec
599 1862 643 1891 est
671 1860 833 1891 sententia:
859 1859 982 1890 iuvenili
1011 1859 1179 1891 temeritate
1203 1870 1268 1891 mea

99 1949 105 1953 ,
150 1917 377 1959 amicorumque
406 1928 540 1950 meorum
572 1917 819 1960 persuasionibus
854 1917 926 1949 illud
962 1917 1079 1949 facinus
1110 1918 1265 1958 commisi,

150 1976 233 2018 quod
258 1987 303 2008 me
327 1977 444 2019 coegit,
468 1988 504 2008 ex
521 1977 639 2008 duabus
665 1976 855 2008 tristissimus
878 1975 967 2008 rebus
991 1977 1115 2009 alteram
1139 1977 1265 2020 eligere,

151 2040 184 2067 ut
212 2038 265 2067 aut
294 2036 420 2068 tacendo
452 2040 565 2079 patrem
590 2035 759 2078 perderem,
788 2039 841 2067 aut
864 2035 944 2078 turpi
968 2035 1117 2068 delatione
1144 2047 1190 2068 me
1214 2048 1266 2078 pa-

151 2098 286 2136 tremque
318 2105 418 2126 meum
447 2106 606 2127 servarem.
653 2095 752 2134 Quam
787 2094 907 2137 egregie
939 2094 996 2126 hoc
1024 2095 1166 2127 convenit
1195 2105 1264 2127 cum
