1536 2526
737 222 775 252 14

199 339 290 360 unum
314 332 344 360 et
368 328 493 360 alterum
517 340 533 360 e
555 329 622 360 sinu
647 339 701 360 suo
724 328 761 359 ad
786 328 932 370 populum
953 327 1071 370 prodire
1090 327 1211 366 iubent,
1233 328 1306 369 qui,

198 387 354 421 δοκοῦντες
378 385 456 418 dm
485 387 682 419 εὐνούστατοι
707 388 748 426 τῷ
774 387 876 426 δήμῳ,
902 386 940 418 de
966 386 1121 429 impietate
1143 385 1204 418 late
1225 397 1307 429 gras-

197 449 282 478 sante
304 450 516 488 quererentur,
540 447 610 479 deos
634 446 818 478 immortales
842 445 1014 485 contemni,
1039 455 1210 488 poenasque
1229 444 1307 476 divi-

199 516 327 537 nesesse
347 505 530 545 metuendas,
551 509 582 537 et
602 505 658 537 iam
680 506 739 536 iam
762 505 873 536 instare
890 504 1092 536 ostenderent.
1127 503 1175 535 Its
1195 503 1307 546 populo

199 563 397 606 persuadent,
417 569 448 596 ut
469 564 506 595 de
521 567 584 596 tota
598 564 742 606 religione
762 567 964 605 quaereretur,
982 563 1194 604 decretumque
1206 563 1306 600 ficret,

199 633 260 664 quo
289 634 347 654 non
378 623 475 654 solum
505 623 542 654 de
575 622 712 662 Hermis,
745 622 797 654 sed
821 622 857 654 de
880 621 1014 664 quolibet
1038 621 1132 664 impio
1156 621 1306 660 facinore,

200 681 281 722 quod
316 681 508 713 commissum
540 686 634 720 esset,
668 681 795 720 indicia,
828 681 886 712 fide
916 680 1037 723 publica
1060 680 1145 719 date,
1169 684 1309 722 expostu-

200 739 342 772 larentur,
388 740 471 777 Iam,
495 751 588 782 quum
614 751 659 772 res
678 751 712 771 eo
728 740 930 782 pervenisset,
947 739 1097 781 prodeunt
1112 738 1150 770 ad
1166 738 1308 781 populum

201 798 331 837 indices,
355 810 432 841 quos
456 799 540 841 prius
564 802 758 842 paraverant,
783 799 918 840 quidque
941 801 1018 830 esset
1033 797 1195 829 dicendum
1211 800 1310 829 tecen-

201 857 334 899 dumque
356 858 548 890 edocuerunt.
582 858 647 897 Illi,
672 858 754 899 quod
778 861 839 889 erat
857 857 1108 900 exspectandum,
1133 856 1169 888 de
1186 855 1310 888 Hermis

203 916 279 948 nihil
312 917 462 956 indicant,
496 917 546 949 sed
577 917 614 949 de
642 917 710 948 aliis
740 916 907 948 simulacris
937 916 1085 948 mutilatis
1108 919 1138 947 et
1162 915 1311 957 mysteriis

202 976 382 1017 profanatis,
407 988 535 1018 quorum
557 981 588 1008 et
604 976 792 1008 Alcibiadem
809 977 1034 1008 incusaverunt.
1059 974 1190 1014 Verum,
1220 973 1311 1006 semel

203 1034 371 1066 Alcibiadis
395 1046 491 1077 quum
516 1035 630 1066 mentio
654 1035 763 1066 iniecta
787 1038 882 1073 esset,
905 1034 988 1066 aliud
1009 1044 1104 1075 genus
1121 1033 1311 1065 inimicorum

202 1094 319 1135 prodit:
362 1094 520 1136 demagogi
561 1094 659 1133 enim,
707 1093 818 1135 quibus
852 1093 1020 1125 Alcibiadis
1054 1092 1134 1135 apud
1168 1092 1311 1135 populum

202 1154 300 1194 gratia
324 1153 488 1192 officiebat,
518 1153 691 1185 facultatem
716 1152 772 1184 sibi
797 1164 814 1184 a
838 1153 958 1184 fortuna
981 1152 1080 1184 datam
1105 1151 1312 1184 lubentissime

203 1212 410 1254 arripuerunt,
439 1216 474 1244 ut
493 1212 696 1244 adversarium
716 1222 804 1243 suum
833 1211 1000 1254 perderent.
1047 1210 1096 1242 Ad
1119 1221 1195 1252 quos
1217 1221 1311 1252 quum

205 1271 247 1302 ita
263 1282 308 1303 res
325 1271 527 1313 pervenisset,
552 1271 713 1313 optimates
736 1282 873 1310 causam,
897 1282 989 1312 quam
1014 1270 1071 1313 ipsi
1101 1270 1311 1309 instituerant,

205 1330 379 1372 relinquunt
410 1335 501 1372 atque
529 1341 545 1362 e
575 1331 737 1362 certamine
764 1330 926 1368 recedunt;
951 1330 1024 1372 quin
1048 1329 1138 1361 etiam
1162 1341 1222 1361 non
1244 1340 1312 1372 pos-

206 1393 275 1420 sunt
302 1388 474 1431 prohibere‚
500 1389 664 1430 quominus
689 1392 720 1421 et
743 1390 788 1421 sui
808 1389 926 1431 generis
942 1389 1097 1428 homines,
1121 1389 1204 1420 ποὲνυ
1221 1388 1312 1420 καλοί

206 1459 240 1479 τε
272 1447 407 1486 κάγαθοί
438 1447 596 1480 intereant.
642 1448 693 1480 Sic
724 1449 756 1480 id
787 1449 868 1490 quod
891 1449 1051 1491 optimates
1074 1448 1150 1480 clam
1175 1448 1313 1480 institue·

207 1510 289 1547 rant,
314 1506 450 1538 homines
473 1507 632 1549 populares
655 1507 756 1550 palam
779 1507 811 1539 in
834 1518 922 1539 usum
944 1518 1034 1539 suum
1050 1509 1265 1539 converterunt
1278 1507 1315 1548 ¹).

252 1566 296 1598 Ea
325 1566 368 1598 rei
397 1566 562 1608 expositio,
595 1578 684 1608 quam
714 1578 775 1599 non
804 1570 942 1599 contorta
971 1570 1001 1598 et
1032 1566 1129 1599 fallaci
1156 1565 1316 1598 ratiocina-

208 1625 306 1665 tione,
330 1636 426 1668 neque
446 1625 657 1658 minutissimis
679 1625 878 1668 undecunque
898 1626 1023 1658 corrasis
1047 1625 1168 1658 auxiliis
1190 1624 1317 1668 probare

209 1696 285 1727 opus
309 1689 370 1724 est,
395 1685 446 1717 sed
470 1697 546 1727 quae
570 1689 675 1728 sponte
702 1697 718 1717 e
745 1685 932 1727 Thucydidis
956 1685 1054 1717 verbis
1084 1684 1201 1727 prodit,
1231 1684 1317 1718 dum-

210 1744 299 1776 modo
328 1744 420 1776 lector
450 1745 490 1776 sit
514 1745 635 1788 ingenio
659 1744 747 1787 paulo
769 1745 938 1788 sagaciore,
969 1745 1042 1776 mihi
1077 1755 1219 1787 perquam
1250 1754 1317 1787 pro-

211 1802 320 1834 babilis
342 1803 471 1842 videtur,
495 1807 525 1835 et
548 1804 665 1846 egregie
691 1815 759 1835 cum
790 1804 890 1835 indole
920 1803 1100 1846 reipublicae
1123 1802 1319 1835 Atheniensis

211 1862 381 1895 convenire.
426 1862 510 1894 Nolo
534 1867 632 1895 tamen
664 1863 707 1894 ita
738 1863 775 1894 de
806 1863 880 1895 meis
914 1862 1177 1904 disquisitionibus
1205 1861 1319 1894 iudice·

212 1926 272 1961 tur,
295 1922 381 1963 quasi
405 1933 466 1954 rem
490 1933 612 1965 prorsus
637 1934 745 1954 novam
776 1927 806 1954 ct
834 1922 1002 1955 inauditam
1030 1922 1103 1954 milii
1131 1921 1232 1954 videar
1255 1932 1319 1964 rep·

213 1981 339 2024 perisse,
374 1985 404 2013 et
439 1993 546 2014 novam
581 1981 731 2023 quandam
761 1982 858 2015 lucem
890 1982 1043 2014 Historiae
1072 1981 1213 2022 antiquae
1241 1983 1320 2013 attu-

251 2109 270 2142 ¹)
290 2106 332 2135 Cf.
351 2115 376 2143 p.
395 2107 424 2140 8,
444 2114 506 2134 ann.
526 2106 549 2132 l.
