1536 2526
786 199 820 230 11

243 306 331 338 oiarit
355 307 408 345 iis,
442 307 496 349 qui
519 306 577 338 sibi
609 311 796 346 narrassent,
834 307 896 346 vel,
929 307 954 338 si
979 319 995 338 a
1019 306 1113 339 servis
1143 306 1296 346 audisset,
1320 307 1358 339 ab

243 375 345 397 eorum
375 365 507 397 dominis
539 366 755 408 postulaverit,
792 370 825 396 ut
855 377 958 397 servos
989 366 1055 397 illos
1087 366 1125 397 ad
1149 366 1358 407 quaestionem

243 423 429 457 exhiberent.
463 426 510 457 An
524 425 600 457 illud
621 425 770 457 omisisset
782 425 992 467 Thucydides?
1016 425 1103 457 Certe
1122 425 1164 457 illi
1185 426 1360 469 demagogi,

241 483 294 526 qui
313 483 404 516 semel
425 483 582 516 Alcibiade
602 484 774 524 nominato,
799 495 902 516 omnes
921 484 1000 516 vires
1021 484 1234 523 intenderunt,
1252 488 1287 516 ut
1307 497 1360 528 po·

242 542 344 585 pulum
364 543 394 574 in
415 554 483 575 eum
501 543 676 582 incitarent,
699 544 726 575 si
747 544 805 586 ipsi
822 543 888 575 eius
907 543 1094 586 impietatem
1111 544 1280 582 novissent,
1300 555 1359 576 non

239 602 367 634 aliorum
388 602 500 634 indicia
527 606 750 645 expectassent,
780 603 830 634 sed
851 602 954 635 statim
978 603 1136 635 vociferati
1157 607 1274 643 essent,
1298 615 1359 635 non

241 661 542 701 ὑπολαμβάνοντες,
568 662 619 694 sed
650 661 687 693 ab
715 662 803 694 initio
829 662 914 694 illum
936 662 1059 694 deorum
1085 663 1248 702 irrisorem,
1273 663 1359 695 illum

240 722 354 764 patriae
373 721 573 764 proditorem,
594 721 696 760 illum,
716 721 746 752 ni
768 721 826 764 ipsi
847 721 959 764 populo
981 722 1190 764 providerent,
1214 733 1313 765 regem
1329 727 1360 755 et

240 783 401 822 tyrannum
419 781 556 812 futurum
577 781 659 812 omni
676 780 803 812 laterum
824 781 992 813 intentione
1010 781 1276 813 demonstrassent.
1301 782 1358 814 Sed

239 839 329 872 mitto
348 841 420 872 haec
433 840 542 872 omnia.
570 839 673 872 Unum
690 851 774 882 rogo.
800 840 832 872 Si
854 851 913 882 qua
931 843 978 872 est
995 840 1144 882 suspicio,
1161 841 1259 889 etiam*
1271 841 1359 872 levis-

239 899 328 939 sima,
346 900 376 932 in
390 899 491 942 aliquo
507 899 620 932 iudicio
637 900 731 932 fuisse
746 899 891 941 quasdam
912 900 1108 942 optimatium
1125 904 1242 942 partes,
1258 911 1359 932 nonne

240 958 335 990 multo
358 959 425 1001 plus
449 959 490 990 illi
517 959 683 1001 suspicioni
712 959 846 998 tribuas,
870 963 1031 1002 postquam
1052 960 1228 1001 cognoveris
1247 960 1359 992 indicia

239 1018 335 1060 prima
352 1029 369 1050 a
386 1018 574 1060 pedissequis
593 1029 656 1050 esse
674 1019 829 1060 prosecta?
854 1018 1035 1050 Praesertim
1054 1029 1151 1060 quum
1175 1018 1220 1050 illi
1243 1018 1359 1051 indices

238 1087 273 1108 ea
301 1077 367 1119 ipsa
385 1077 603 1116 indicaverint,
628 1088 758 1118 quorum
784 1088 874 1109 causa
899 1077 988 1120 paulo
1011 1081 1081 1109 ante
1103 1077 1151 1109 lex
1175 1077 1212 1109 de
1236 1077 1358 1109 indiciis

239 1136 298 1168 lata
320 1140 350 1168 et
373 1136 486 1178 perlata
509 1139 583 1168 erat.
618 1135 699 1168 Nam
724 1136 876 1168 immissos
900 1136 966 1168 illos
990 1136 1155 1178 inquilinos
1175 1139 1206 1168 et
1225 1137 1356 1179 pedisse—

238 1205 331 1237 quos,
362 1198 392 1227 et
416 1195 515 1238 pretio
546 1198 704 1238 corruptos
735 1195 829 1227 fuisse
852 1196 920 1238 quis
952 1196 1064 1237 neget?
1097 1195 1223 1228 Cleones
1253 1200 1353 1228 autem

237 1257 267 1286 et
296 1254 462 1297 Hyperboli
495 1265 554 1286 non
585 1255 682 1286 solent
713 1266 784 1287 suos
807 1255 867 1287 sibi
891 1255 1087 1298 pedissequos
1111 1255 1228 1288 habere.
1274 1256 1355 1288 Lau-

238 1313 366 1346 tioribus
389 1318 506 1346 tantum
531 1314 704 1346 hominibus
727 1314 778 1345 isti
799 1318 917 1356 praesto
943 1317 1030 1354 sunt,
1054 1318 1102 1354 et,
1127 1315 1210 1356 quod
1235 1315 1273 1347 ab
1296 1315 1354 1347 illis

238 1374 416 1416 imperatur,
441 1373 579 1415 quamvis
603 1373 645 1404 sit
672 1384 802 1415 nequam
826 1377 1044 1416 exsequuntur.

280 1432 343 1464 Lex
366 1443 437 1475 ergo
461 1433 527 1472 περὶ
550 1434 609 1463 τῶν
633 1431 739 1463 ἄλλων
764 1432 981 1470 ἀσεβημάτων
1002 1433 1078 1465 nihil
1099 1433 1256 1476 spectabat
1270 1444 1351 1476 prae-

237 1495 283 1524 ter
318 1492 486 1524 Alcibiadis
521 1492 704 1534 perniciem:
738 1492 790 1534 qui
816 1492 969 1532 tulerunt,
1002 1492 1120 1525 eosdem
1144 1492 1292 1532 effecisse,
1318 1497 1353 1525 ut

236 1551 331 1593 prima
365 1551 535 1583 Alcibiadis
570 1551 684 1583 mentio
720 1551 818 1591 fieret,
850 1563 896 1584 res
924 1552 989 1594 ipsa
1013 1552 1138 1590 clamat;
1163 1551 1351 1594 impietatem

235 1611 301 1643 eius
324 1613 440 1653 praeter
463 1611 598 1649 iuvenes,
634 1621 750 1643 summo
775 1611 840 1643 loco
863 1615 967 1651 natos,
1000 1612 1051 1643 vix
1073 1612 1235 1654 quisquam
1264 1623 1351 1644 accu-

236 1674 298 1702 rate
322 1670 442 1702 novisse
466 1672 592 1712 poterat.
628 1670 732 1702 Prima
756 1670 792 1702 de
817 1681 852 1702 eo
873 1670 986 1703 indicia
1010 1671 1087 1703 fiunt
1111 1682 1164 1714 per
1186 1671 1350 1713 inquilinos

235 1734 265 1762 et
287 1741 337 1762 eos
354 1741 471 1769 servm,
496 1740 625 1772 quorum
651 1740 739 1772 opera
763 1730 882 1762 nonnisi
911 1730 1048 1762 homines
1069 1730 1184 1763 nobiles
1205 1734 1348 1771 utuntur,

235 1799 330 1831 quum
365 1800 401 1821 ex
432 1789 549 1822 civibus
580 1801 667 1822 nemo
701 1789 766 1822 eius
795 1790 977 1822 mentionem
1006 1790 1108 1822 faciat.
1151 1789 1243 1830 Quis,
1269 1791 1350 1824 hisce

235 1847 277 1879 ita
311 1848 490 1891 propositis,
526 1860 586 1881 non
622 1849 750 1889 sentiat,
786 1849 882 1892 primo
913 1853 1048 1892 tempore
1079 1851 1223 1893 populum
1255 1851 1348 1883 Athe-

235 1907 367 1939 niensem
402 1907 439 1940 de
474 1908 631 1941 Alcibiade
665 1920 703 1940 ne
738 1909 886 1951 cogitasse
921 1909 1060 1950 quidem,
1097 1909 1149 1942 sed
1185 1910 1349 1953 optimates

233 1966 378 2008 quosdam
403 1970 434 1999 et
455 1967 552 2010 legem
577 1968 658 2000 illam
682 1969 882 2011 perniciosam
907 1968 1051 2008 suasisse,
1075 1972 1106 2001 et
1133 1969 1246 2012 primos
1270 1970 1347 2003 indi-

233 2036 282 2057 ces
302 2025 494 2068 produxisse;
517 2030 601 2060 erant
620 2028 700 2060 enim
718 2028 797 2060 inter
816 2028 888 2060 illos
905 2027 958 2070 qui
979 2028 1176 2061 εὐνούστατοι
1197 2031 1239 2069 τῷ
1261 2030 1346 2070 δήμῳ

232 2085 351 2118 ἐδόκουν
375 2083 465 2118 εἶναι.
