1536 2526
686 173 727 204 53

158 282 246 323 §353—
271 281 326 319 ,Ιτὸ
349 280 494 318 πέμπτον
516 281 605 319 μέρος
629 282 689 312 τῶν
713 281 827 320 ψήφων
852 281 904 310 καὶ
929 280 1068 319 ἀτιμωθῇ
1095 281 1108 311 o'
1133 279 1267 317 ἐνδείξας

158 340 212 377 ἐμὲ
238 339 387 378 ΚῐγΦίο-ιος
413 340 522 381 οὑτοσὶ,
541 340 593 371 οὐκ
615 339 741 378 ἕξεστκι
767 341 850 377 αὐτῷ
876 340 918 375 εἷς
943 340 977 370 τὸ
1005 339 1080 377 ἱερὸν
1107 343 1169 370 τοῖν
1193 340 1269 370 θεοῖν

157 398 282 430 εἰσιέναι
316 399 332 435 ἢ
368 398 608 430 ἁποθοινεῑται.”
655 398 788 430 Meierus
823 402 854 429 et
889 398 1096 429 Schomnnnus
1130 409 1202 440 ergo
1238 398 1268 429 in

157 458 308 500 praeclaro
336 458 412 489 libro
436 458 472 489 de
495 457 617 489 iudiciis
631 456 744 488 Atticis
767 456 839 488 haec
863 457 979 488 addunt
1003 468 1032 499 p.
1049 458 1138 489 734³:
1166 467 1269 498 „prae-

157 521 237 548 terea
261 517 292 548 in
317 516 440 548 iudiciis
464 516 501 548 ‹le
525 527 555 547 re
579 527 678 554 sacra,
711 515 767 547 nisi
799 519 956 547 accusator
983 515 1121 557 quintam
1153 520 1267 557 partem

156 575 371 608 sententiarum
407 576 604 614 obtinuisset,
640 576 684 607 fus
726 586 785 606 non
822 579 884 606 erat
915 586 984 607 eum
1017 574 1047 605 in
1074 574 1132 606 hoc
1156 574 1268 606 illudve

157 635 302 677 templum
326 634 488 673 introire’';
513 638 543 666 et
567 635 598 666 in
622 634 702 666 calce
719 634 846 676 paginae
865 634 960 665 nostri
980 634 1039 665 loci
1059 633 1267 665 testimonium

155 694 261 725 citant.
307 693 434 725 Cautius
458 694 545 725 credo
574 693 732 732 fecissent,
757 694 780 724 si
807 696 900 724 totam
925 704 987 724 rem
1008 693 1054 724 vel
1078 693 1266 732 omisissent,

155 752 201 784 vel
224 752 261 784 ud
285 752 396 784 calcem
421 753 548 795 paginae
570 752 762 795 relegassent.
808 751 889 784 Nam
915 763 1077 794 numquam
1102 752 1176 784 mihi
1200 764 1266 795 per-

154 811 340 851 suadebitur,
370 812 460 844 fuisse
494 823 604 854 corpus
640 812 714 843 iuris
750 811 847 843 Attici
876 815 936 843 tam
968 811 1110 843 omnibus
1133 812 1266 843 numeris

152 870 341 910 absolutum,
374 871 471 902 mutto
503 871 601 902 minus
633 870 750 913 plebem
778 870 960 902 iudicantem
985 870 1062 902 illud
1086 874 1148 903 tam
1171 871 1265 914 probe

153 930 323 962 memoriter
349 930 494 968 tenuisse,
531 933 581 968 ut,
618 930 642 960 si
668 930 726 960 inm
751 929 820 960 talis
843 929 890 960 lex
913 933 1060 968 exstaret,
1091 930 1264 962 Andocides

153 1000 212 1020 non
235 1000 312 1031 opus
335 1000 398 1021 esse
420 989 587 1020 censuisset
605 1000 669 1020 eam
697 989 816 1020 recitari
841 989 952 1020 iubere.
1000 988 1058 1020 Sed
1089 989 1171 1030 quod
1199 1000 1262 1021 ma·

151 1048 265 1079 ximum
301 1052 358 1087 est,
395 1059 456 1079 non
491 1048 562 1079 licet
595 1048 637 1079 ita
671 1048 708 1080 de
739 1048 803 1080 iure
834 1051 865 1079 et
899 1047 1135 1089 antiquitatibus
1170 1047 1263 1080 libros

150 1106 295 1146 scribere,
321 1111 355 1139 ut
378 1107 526 1149 quidquid
549 1110 680 1139 oratores
704 1107 827 1138 tradunt
849 1110 880 1139 et
903 1107 1091 1139 contendunt
1110 1107 1141 1138 in
1166 1118 1260 1139 unum

148 1177 258 1209 corpus
288 1166 411 1209 colligas
419 1191 428 1206 ‚
459 1166 550 1198 etiam
581 1177 616 1198 ea
639 1177 714 1208 quae
741 1165 824 1198 nulla
847 1177 902 1208 ope
925 1166 1021 1198 aliena
1045 1166 1258 1199 defenduntur.

147 1224 185 1257 Id
214 1237 275 1258 non
306 1236 422 1268 semper
452 1229 482 1257 ct
511 1225 624 1267 ubique
654 1236 717 1257 esse
741 1225 933 1258 observatum
958 1225 1015 1256 hoc
1038 1236 1099 1257 uno
1122 1226 1258 1268 exemplo

146 1284 181 1315 fit
203 1284 406 1327 perspicuum.

190 1401 333 1434 Dicebam
355 1404 420 1434 tum
440 1402 560 1434 demum
581 1402 749 1434 oratoribus
770 1402 859 1434 fidem
880 1413 944 1434 esse
965 1402 1150 1442 habendam,
1175 1405 1201 1436 si
1221 1416 1256 1437 ea

145 1471 220 1503 quae
253 1460 378 1493 tradunt
412 1471 480 1493 cum
510 1461 566 1500 iis,
599 1472 675 1503 quac
709 1461 839 1493 aliumde
872 1462 1032 1500 novimus,
1063 1463 1254 1496 conveniant.

144 1519 212 1551 Hoc
246 1519 271 1551 si
307 1519 398 1562 probe
433 1523 550 1559 teneas,
586 1531 812 1563 nonnumquam
847 1521 939 1553 etiam
975 1524 1074 1553 orator
1108 1522 1253 1554 historico

143 1579 242 1611 lucem
273 1579 376 1610 afferre
405 1582 513 1621 potest.
560 1578 663 1611 Huius
692 1590 811 1622 quoque
843 1580 885 1612 rei
916 1580 1083 1623 exemplum
1115 1581 1192 1614 dabo
1217 1593 1252 1614 ex

143 1637 315 1677 Andocide,
340 1640 370 1670 et
392 1638 424 1670 in
448 1649 482 1670 eo
503 1638 592 1670 finem
613 1638 732 1671 faciam.
766 1638 974 1681 Thucydides,
1000 1643 1159 1682 postquam
1187 1651 1252 1672 nar-

142 1698 220 1730 ravit
243 1708 365 1737 eorum,
390 1697 443 1739 qui
466 1697 498 1730 in
522 1708 639 1730 carcere
661 1702 779 1738 essent,
803 1709 899 1730 uuum
924 1702 954 1730 et
972 1710 1057 1731 suam
1074 1703 1104 1731 et
1121 1699 1251 1732 aliorum

142 1757 332 1799 quorundam
366 1757 485 1800 culpam
521 1769 585 1789 esse
619 1757 808 1797 confessum,
843 1768 956 1801 eosque
990 1758 1090 1790 indice
1123 1762 1251 1801 excepto

140 1828 205 1850 esse
235 1816 426 1856 interfectos,
455 1816 498 1848 sic
528 1816 628 1859 pergit
656 1827 683 1849 c.
713 1817 785 1849 610:
811 1816 878 1856 περὶ
907 1817 937 1849 δὲ
966 1820 1020 1849 τοῦ
1045 1817 1250 1856 numeniaco

140 1875 312 1915 ἐναγόντων
347 1878 406 1908 τῶν
441 1876 572 1915 ἐχθρῶν,
600 1875 683 1915 οἵπερ
717 1876 770 1908 και)
803 1877 873 1916 πρὶν
899 1877 1027 1909 ἐκπλεῖν
1056 1878 1151 1910 αὐτὸν
1181 1878 1250 1909 ἐπέ-

139 1936 234 1970 θεντο,
267 1938 419 1975 χαλεπῶς
451 1935 476 1966 οἱ
503 1935 655 1971 ’Λθηνοιῑοι
688 1935 884 1974 ἐλάμβανον·
917 1936 969 1968 και)
999 1937 1102 1972 ἐπειδὴ
1130 1935 1165 1968 τὲ
1190 1938 1248 1969 τῶν

138 1996 258 2034 Ἑρμῶν
280 1994 370 2034 ᾤοντο
394 1995 497 2035 σαφὲς
526 1994 624 2034 ἔχειν,
646 1995 726 2027 πολὺ
749 1995 784 2031 δὴ
809 1997 934 2034 μᾶλλον
957 1996 1009 2027 xxi
1031 1996 1072 2028 τὰ
1088 1996 1246 2034 μυστικά,

137 2053 176 2086 ὧν
206 2053 345 2089 ἐπαίτιος
377 2051 428 2091 ἦν.
456 2054 540 2092 μετὰ
571 2057 625 2086 τοῦ
650 2055 746 2099 αιξτοῦ
770 2054 866 2093 λόγου
890 2055 943 2087 καὶ
971 2059 1027 2091 τῆς
1054 2055 1246 2094 ξυνωμοσίας
