1536 2526
702 205 744 234 43

165 312 249 351 ἱερῶν
284 312 309 342 οἱ
341 311 560 349 ἀσεβήσαντες
598 311 650 342 καὶ
687 310 953 349 ὁμολογήσαντες.
998 309 1089 350 Quod
1119 320 1215 352 quum
1249 310 1281 342 in

166 374 229 402 tota
252 371 442 403 accusatione
465 370 642 413 primarium
670 373 765 409 oeset,
790 374 892 402 orator
918 369 1016 412 primo
1040 368 1147 408 docet,
1172 372 1282 412 myste-

166 430 280 461 riorum
312 430 550 473 profanationem
573 429 612 460 ad
635 439 666 460 se
690 429 814 461 omnino
838 440 898 461 non
925 430 1092 472 pertinere,
1123 432 1215 471 atque
1238 439 1282 461 re-

166 488 323 521 censendis
349 488 520 521 nominibus
544 499 648 520 eorum
673 488 726 530 qui
750 488 795 520 vel
818 488 1068 526 denunciasscnt‚
1095 487 1141 519 vel
1168 488 1282 520 denun-

165 548 236 580 ciati
260 552 375 587 essent,
401 547 446 579 vel
469 548 506 579 de
534 548 674 590 praemiis
698 559 752 590 pro
775 547 889 579 indicio
913 547 1076 590 propositis
1099 550 1282 585 certassent,

165 617 197 639 se
220 607 354 639 ostendit
377 607 458 638 omni
483 607 573 649 culpa
596 618 659 638 esse
687 607 863 639 immunem.
910 607 976 639 Nec
1000 606 1097 638 solum
1122 605 1282 638 adversarii

166 666 196 697 in
220 677 256 698 eo
281 666 392 698 limites
415 666 568 704 ἐνδείξεως
593 677 664 698 suae
680 667 856 709 transgressi
881 670 984 705 erant,
1008 665 1089 707 quod
1114 665 1283 697 Isotimidis

166 725 368 767 psephismate
395 726 441 757 usi
474 730 575 765 erant,
608 726 659 758 sed
693 729 723 757 et
751 726 783 757 in
814 725 1002 757 orationibus
1033 725 1183 767 permulta
1218 725 1284 757 eius

165 785 297 817 facinora
320 790 577 825 memoraverunt,
601 796 680 828 quae
702 785 766 827 lege
788 785 911 826 quidem
936 784 1018 816 nulla
1046 784 1191 816 vindicari
1217 789 1283 827 pot-

165 848 265 884 erant,
290 856 419 887 quorum
445 849 545 877 tamen
569 845 684 876 mentio
709 856 744 876 eo
767 843 934 876 necessario
950 843 1107 883 tendebat,
1139 847 1175 875 ut
1197 854 1281 875 reum

165 903 319 936 iudicibus
342 904 498 936 redderent
521 907 697 947 suspectum
725 907 816 946 atque
840 903 986 935 invisum.
1033 902 1101 942 Sic,
1126 913 1221 944 quum
1245 902 1282 935 de

166 964 316 1006 mysteriis
351 967 491 1006 agerent,
527 963 583 994 hoc
619 974 740 1005 quoque
763 963 917 1002 dixerant,
951 961 1140 994 Andocidem
1165 965 1281 1004 patrem

165 1034 253 1055 suum
278 1022 438 1055 indicasse.
484 1022 659 1065 Respondet
682 1026 798 1054 orator:
823 1033 883 1053 non
900 1032 917 1053 a
939 1032 1004 1060 me,
1029 1032 1131 1053 verum
1154 1032 1171 1052 a
1194 1020 1282 1063 Lydo

166 1082 319 1115 Pliereclis
343 1082 404 1114 filio
427 1086 472 1114 est
495 1082 712 1121 denunciatus,
745 1092 802 1124 ego
826 1092 897 1112 vero
930 1081 1006 1123 patri
1032 1080 1166 1123 persuasi
1192 1084 1226 1112 ut
1250 1080 1281 1112 in

166 1141 239 1174 urbe
262 1145 435 1174 remaneret.

210 1200 294 1233 Haec
311 1201 413 1233 omnia
429 1204 598 1233 tractantur
613 1212 647 1232 ea
666 1204 764 1243 parte,
784 1211 862 1242 quae
878 1204 923 1232 est
941 1199 1050 1241 inter§
1068 1200 1139 1231 11·“ΙΙ
1151 1202 1182 1231 et
1195 1200 1280 1232 33·“·.

211 1319 328 1363 Rogare
363 1320 474 1359 subiit,
511 1319 586 1361 quid
613 1324 708 1359 esset,
744 1319 826 1360 quod
858 1319 930 1350 haec
959 1318 1056 1350 oratio
1083 1318 1120 1350 ad
1145 1317 1281 1349 initiatos

166 1382 283 1411 tantum
316 1379 431 1411 iudices
462 1379 623 1410 haberetur
655 1380 685 1420 (ξ
703 1379 788 1419 31”);
824 1377 901 1409 nihil
931 1377 1012 1409 enim
1044 1377 1076 1408 in
1106 1388 1141 1408 ea
1169 1377 1282 1420 legitur

165 1438 247 1480 quod
270 1439 302 1470 in
321 1438 429 1481 vulgus
446 1438 548 1470 cfferre
572 1438 655 1469 nefas
678 1441 766 1469 esset.
815 1437 898 1468 Haec
918 1440 1019 1468 autem
1043 1437 1108 1468 eius
1127 1436 1169 1467 rei
1190 1447 1280 1468 causa

166 1497 297 1537 videtur,
332 1498 432 1540 quod,
466 1508 559 1538 quum
590 1507 698 1538 magna
733 1496 919 1538 quaestionis
954 1507 1022 1538 pars
1057 1495 1093 1527 de
1130 1495 1280 1538 mysteriis

164 1561 259 1596 esset,
284 1557 347 1589 fieri
371 1560 489 1599 poterat
514 1560 548 1588 nt
572 1556 694 1587 testibus
718 1555 863 1597 quaedam
895 1555 1021 1587 dicenda
1051 1558 1169 1594 essent,
1201 1566 1279 1596 quae

165 1627 223 1648 non
249 1616 308 1648 nisi
332 1616 370 1648 ab
395 1616 525 1648 initiatis
552 1616 596 1647 fas
618 1619 696 1647 esset
719 1615 827 1647 audiri.
873 1614 1012 1646 Fortasse
1036 1619 1066 1646 et
1092 1618 1279 1647 accusatores

162 1675 311 1708 eiusmodi
335 1675 482 1717 quaedam
511 1675 706 1718 protulerant.

210 1735 280 1767 Alia
303 1735 417 1774 ἀπορία
442 1735 514 1766 haec
544 1738 622 1766 erat:
657 1734 761 1774 Quum
793 1738 944 1765 constaret
975 1733 1011 1765 dc
1039 1734 1158 1766 Hermi-5
1191 1735 1278 1765 muti-

163 1795 237 1827 lati-r
268 1798 298 1826 et
333 1794 482 1826 indicasse
517 1794 704 1826 Andocidem
736 1797 766 1826 et
797 1794 970 1825 confessum
1006 1805 1087 1833 csse,
1123 1805 1278 1836 quumque

163 1855 229 1886 cius
252 1854 284 1885 in
307 1853 453 1895 mysteriis
469 1853 675 1896 prqfanandie
697 1853 813 1892 nullae,
846 1857 993 1894 quantum
1017 1853 1175 1891 novimus,
1204 1853 1278 1885 suis·

163 1918 229 1945 sent
254 1916 369 1956 partes,
394 1924 466 1944 num
491 1912 653 1944 verisimile
677 1916 723 1944 est
745 1912 911 1944 orationem
935 1912 1174 1944 adversariorum
1195 1923 1279 1956 prae-

164 1972 253 2015 cipuo
297 1972 330 2004 in
368 1972 578 2015 mysteriorum
618 1971 744 2003 crimine
783 1971 874 2003 fuisso
915 1972 1085 2003 versatam?
1138 1972 1197 2004 Res
1235 1972 1278 2004 ita

162 2031 289 2073 intelligi
323 2035 439 2073 potest,
470 2034 505 2062 ut
535 2034 724 2063 accusatores
755 2031 851 2073 fingas
875 2030 906 2062 id
935 2030 1058 2070 secisse,
1091 2031 1171 2073 quod
1201 2031 1278 2063 dicit

163 2089 359 2122 Plutarchus:
382 2094 446 2125 τοῖς
471 2090 537 2129 περὶ
563 2091 632 2125 τοὺς
655 2091 774 2129 Ἑρμᾶς
800 2088 974 2129 ὑβρίσμασι
999 2090 1050 2121 καὶ
1070 2090 1112 2122 τὰ
1134 2091 1276 2128 μυστικὰ
