1536 2526
752 220 770 248 9

202 336 338 357 suasores
373 329 490 365 censet,
527 327 579 368 qui
618 326 725 368 quovis
761 326 848 357 modo
884 325 1070 357 Alcibiadem
1107 325 1229 367 perdere
1261 325 1318 356 sibi

204 385 389 426 propositum
427 384 579 416 haberent.
628 384 667 415 Et
701 385 770 425 quis
800 396 913 426 quaeso
950 385 1026 416 serio
1062 389 1167 426 putare
1202 389 1319 426 potest,

158 432 160 434 v
203 443 346 486 populum
372 444 602 482 Atheniensem,
635 444 719 476 nullo
749 443 818 475 dolo
850 444 929 475 malo
959 444 996 475 ab
1022 443 1192 475 Alcibiadis
1215 444 1320 476 adver-

203 503 289 534 sariis
311 502 468 541 adhibito,
493 514 558 534 eam
582 503 676 545 legem
703 503 846 535 iussisse?
880 503 986 543 Quid?
1020 503 1211 535 Consternati
1236 509 1321 535 erant

204 572 322 602 omnes,
359 562 527 605 trepidabat
562 567 626 594 tota
661 563 788 601 civitas,
824 574 883 594 nou
915 562 954 594 ob
983 562 1123 605 mysteria
1146 562 1319 605 profanata,

203 632 300 664 neque
328 621 366 653 ob
398 622 482 653 aliud
514 622 664 663 quoddam
694 623 776 654 nefas
810 621 991 661 admissum,
1031 622 1082 653 sed
1119 621 1156 653 ob
1194 621 1321 653 Hermas

204 681 359 723 plerosque
390 692 494 713 omnes
527 693 586 713 una
619 686 705 713 nocte
737 681 902 713 mutilatos.
950 681 1097 724 Populine
1128 685 1173 713 est
1204 681 1234 713 in
1265 681 1319 713 tali

204 751 235 772 re
259 740 465 782 quaestionem
487 741 644 773 decernere
668 741 705 772 de
729 741 795 772 aliis
813 742 915 784 impiis
940 740 1145 773 facinoribus?
1171 740 1215 772 vel
1238 741 1319 779 eius,

205 800 259 841 qui
283 800 314 831 in
339 800 480 832 contione
504 811 538 832 ea
569 800 662 839 dicit,
694 811 771 842 quae
802 800 860 832 sibi
891 801 1020 832 maxime
1049 811 1064 831 e
1093 799 1247 842 republica
1277 800 1320 831 vi-

207 859 344 898 deantur,
370 859 460 891 talem
485 859 692 901 quaestionem
717 859 861 891 suadere?
900 859 1006 891 Hercle
1023 859 1074 901 qui
1092 858 1140 890 hic
1165 870 1225 890 non
1249 858 1321 890 odo·

206 921 290 950 ratur
312 918 445 950 fallacias
476 922 630 960 tectasque
662 918 805 958 insidias,
830 930 867 950 ne
897 918 946 950 ille
973 919 1075 950 animo
1098 918 1227 950 nimium
1252 929 1321 949 can·

205 978 277 1010 dido
301 978 359 1010 est!

248 1037 307 1069 Sed
337 1037 424 1069 video
452 1048 498 1068 me
537 1037 595 1068 iam
631 1037 741 1069 sensim
782 1037 820 1068 ad
853 1036 1061 1079 Thucydidem
1093 1035 1318 1068 defendendum

205 1107 269 1128 esse
293 1096 464 1139 delapsum,
501 1107 595 1138 quum
628 1096 701 1128 mihi
732 1107 791 1128 non
824 1096 881 1127 nisi
905 1106 975 1127 eum
999 1095 1188 1138 interpretari
1213 1106 1320 1138 propo-

205 1155 342 1188 suissem.
389 1155 556 1187 Videamus
589 1167 676 1198 ergo,
707 1167 745 1187 an
774 1165 808 1186 ex
833 1155 1010 1197 Thucydide
1043 1155 1224 1197 investigare
1253 1165 1321 1196 pos-

205 1215 316 1253 simus,
353 1214 453 1257 quales
481 1215 524 1246 illi
557 1214 723 1247 Alcibiadis
755 1214 915 1246 adversarii
951 1213 1038 1245 nobis
1074 1213 1206 1256 fingendi
1242 1214 1320 1254 sint,

204 1274 258 1317 qui
282 1274 352 1306 dolo
377 1274 454 1306 malo
481 1274 661 1313 effecerunt,
687 1278 719 1306 ut
743 1274 895 1306 decretum
924 1273 1001 1305 illud
1025 1274 1118 1305 fieret.
1158 1273 1321 1315 Populares

205 1334 340 1366 homines
368 1345 428 1366 non
457 1335 562 1373 fuisse,
588 1334 647 1366 iam
677 1345 712 1366 ex
739 1345 774 1366 eo
797 1337 935 1377 apparet,
960 1333 1043 1375 quod
1066 1333 1091 1364 si
1120 1333 1162 1364 ita
1185 1337 1320 1375 putaret,

204 1405 264 1426 non
289 1393 388 1426 minus
410 1393 501 1426 libere
523 1393 674 1436 professus
689 1397 781 1433 esset,
805 1404 894 1435 quam
913 1393 1002 1436 paulo
1026 1396 1096 1435 post
1119 1396 1237 1435 apertas
1261 1396 1319 1425 τῶν

203 1452 402 1491 δημαγωγῶν
427 1453 478 1484 xxi
504 1453 631 1492 ῥητόρων
652 1453 829 1485 inimicitias
852 1452 1004 1485 describit.
1052 1452 1136 1492 Quid
1154 1453 1235 1495 quod
1260 1464 1320 1484 non

203 1511 299 1544 solum
325 1523 382 1544 non
407 1512 497 1552 dicit,
522 1512 574 1544 sed
598 1516 632 1544 ut
656 1516 744 1544 antea
767 1511 944 1551 docuimus,
977 1523 1037 1544 uno
1061 1512 1152 1544 verbo
1177 1512 1320 1549 ὐπολκμ-

205 1570 353 1609 βαίνοντες
380 1571 476 1614 palam
501 1572 613 1615 negat?

248 1631 280 1663 Si
308 1642 378 1673 ergo
403 1631 531 1674 populus
556 1631 751 1663 Atheniensis
775 1641 873 1672 neque
900 1635 1007 1673 sponte
1031 1641 1084 1662 sua
1108 1642 1205 1672 neque
1229 1641 1319 1664 suasu

203 1702 325 1730 eorum,
361 1691 414 1732 qui
449 1693 591 1733 putarent
618 1691 663 1722 sic
698 1690 813 1733 optime
847 1690 919 1722 deos
952 1690 1062 1733 placari
1095 1701 1195 1732 posse,
1225 1690 1319 1733 legem

203 1750 285 1782 illam
321 1750 388 1789 περὶ
421 1751 479 1781 τῶν
503 1749 609 1781 ἄλλων
633 1749 849 1788 ἀσεβημάτων
882 1750 990 1789 iussit,
1023 1750 1074 1781 sed
1105 1749 1251 1792 deceptus
1282 1750 1320 1782 ab

204 1809 374 1842 Alcibiadis
402 1809 550 1849 inimicis,
581 1809 722 1841 inimicos
749 1813 849 1842 autem
874 1809 941 1841 illos
965 1809 1237 1841 demonstravimus
1261 1821 1319 1842 nou

205 1869 297 1901 fuisse
320 1869 452 1911 partium
475 1868 678 1911 popularium,
713 1869 788 1911 quid
823 1872 916 1901 restat
951 1880 1042 1910 quam
1073 1873 1107 1900 ut
1137 1869 1214 1912 legis
1237 1869 1319 1901 illius

204 1932 348 1970 patronos
370 1930 400 1960 et
427 1938 562 1960 suasores
585 1929 744 1971 optimates
772 1929 865 1961 fuisse
889 1928 1082 1960 statuendum
1106 1928 1167 1960 sit?
1216 1931 1318 1971 Atque

204 1987 236 2018 id
260 1997 320 2018 non
343 1986 438 2019 solum
469 1987 681 2020 mathematica
710 1988 931 2030 quodammodo
962 1988 1078 2020 ratione
1103 2007 1142 2012 —
1172 1999 1262 2030 quam
1286 1989 1318 2020 in

204 2046 292 2078 rebus
326 2045 479 2079 historicis
513 2058 573 2079 uon
602 2047 702 2080 valere
736 2047 809 2080 satis
843 2048 905 2079 scio
937 2067 979 2072 —
1006 2047 1057 2080 sed
1092 2047 1160 2079 aliis
1195 2058 1317 2089 quoque

203 2105 388 2149 argumentis
412 2105 532 2149 probari
560 2109 670 2150 potest.
