1536 2526
743 229 782 259 10

249 337 382 380 Nempe,
414 337 439 367 si
469 336 559 368 semel
590 339 724 375 constat,
756 335 901 378 populum
934 334 1150 367 Atheniensem
1182 334 1214 366 in
1243 344 1315 366 oon·

207 396 288 428 tione
326 400 358 427 ut
395 395 525 438 praemia
559 398 795 438 proponerentur
833 406 894 426 non
925 397 1044 426 tantum
1079 393 1156 432 iuis,
1191 392 1244 436 qui
1280 391 1318 424 de

207 454 329 487 Hermia
353 454 514 493 mutilatis,
540 453 591 486 sed
615 454 705 485 etiam
729 453 806 493 illis,
832 453 885 495 qui
909 453 946 485 de
970 452 1105 495 qualibet
1128 451 1188 484 alia
1211 450 1316 494 impie-

207 518 267 546 tate
298 513 481 552 indicarent,
514 513 674 555 impulsum
706 523 770 544 esse
793 512 831 544 ab
855 512 893 544 iis
917 512 969 553 qui
994 510 1182 543 Alcibiadem
1206 510 1317 553 perire,

207 584 298 615 quam
320 572 535 615 rempublicam
557 572 668 603 salvam
691 582 755 603 esse
777 571 917 609 mallent,
934 570 959 601 si
978 570 1053 608 hoc,
1069 569 1210 611 inquam,
1227 569 1318 601 semel

207 637 341 671 constat,
357 643 475 663 necesse
488 635 549 670 est,
570 631 689 662 eosdem
703 630 781 662 viros
795 633 863 661 ante
884 629 985 661 omnia
997 640 1116 671 operam
1130 628 1267 667 dedisse,
1284 630 1320 659 ut

207 702 296 733 quam
317 691 446 733 primum
467 689 547 732 apud
559 689 703 732 populum
718 688 882 720 Alcibiadis
901 688 1015 719 montio
1038 687 1228 725 iniiceretur,
1241 686 1319 718 eius-

208 762 267 792 que
287 750 427 781 adversus
446 749 516 780 deos
536 748 720 780 immortales
740 747 833 790 impia
853 747 987 778 facinora
1007 748 1319 778 commemorarentur.

253 809 359 840 Utrius
390 819 461 850 ergo
493 807 609 850 generis
639 806 775 838 homines
805 805 912 837 melius
945 805 1020 836 scire
1045 807 1184 847 poterant
1206 803 1244 835 ab
1268 802 1321 835 illo

209 868 350 911 mysteria
379 878 443 899 csse
472 866 651 909 profanata?
689 865 874 897 Hominesne
897 864 934 896 de
958 863 1090 906 populo,
1115 872 1243 904 quorum
1269 861 1320 893 vix

208 927 349 959 credibile
372 937 553 968 quemquam
570 925 724 957 adfuisse?
762 925 809 956 An
829 924 952 955 iuvenes
976 934 1011 954 ex
1032 921 1173 964 gentibus
1199 920 1321 963 amplis-

209 987 293 1017 simis
327 985 506 1027 quibuscum
541 995 605 1016 esse
639 984 855 1016 consueverat?
902 982 984 1014 Nam
1018 981 1152 1024 profecto
1184 980 1321 1012 homines

210 1045 342 1083 nobiles,
367 1044 504 1086 quamvis
526 1043 653 1086 gratiosi
678 1042 759 1085 apud
784 1041 928 1084 populum
953 1051 1015 1072 esse
1039 1039 1198 1078 studeant,
1223 1042 1322 1070 tamen

211 1116 270 1137 non
299 1104 395 1136 solent
426 1104 470 1135 ita
493 1114 556 1134 esse
580 1102 755 1145 populares,
785 1101 858 1143 quin
882 1101 913 1132 in
937 1099 1035 1142 epulis
1057 1102 1089 1131 ct
1112 1099 1183 1130 vino
1204 1098 1322 1140 Theog-

212 1163 333 1196 nideum
357 1166 520 1204 sequantur
545 1165 754 1204 praeceptum:

322 1223 374 1254 xxi
400 1222 487 1261 παρὰ
512 1226 608 1253 τοῖσιν
632 1225 702 1252 πῖνε
727 1220 778 1251 καὶ
805 1219 884 1251 ἔσθιε
909 1220 962 1250 καὶ
988 1218 1073 1256 μετὰ
1098 1221 1193 1249 τοῖσιν

322 1280 366 1321 ἷζε
391 1282 442 1312 uxi
468 1280 580 1313 ἅνδαινε
605 1284 686 1315 τοῖς,
714 1277 752 1310 ὧν
776 1279 907 1316 μεγάλη
932 1278 1081 1314 zamam,

211 1342 378 1382 malintque
404 1351 473 1372 curn
497 1340 543 1371 sui
568 1339 688 1381 generis
714 1338 886 1370 hominibus
908 1338 959 1368 τὸν
979 1336 1068 1368 ἐόντι
1093 1336 1154 1367 νόον
1178 1335 1320 1367 ἀπολλύ-

211 1413 277 1436 ναιι.
300 1411 390 1442 quam
410 1400 504 1431 ἐσθλὰ
523 1399 721 1430 &Muscosi
743 1397 780 1429 ab
799 1397 837 1428 iis
850 1397 902 1439 qui
916 1397 977 1428 sint
989 1396 1160 1428 obscuriore
1171 1395 1236 1427 loco
1249 1394 1322 1427 nati.

256 1460 319 1491 Iam
344 1460 389 1491 fac
413 1459 449 1491 de
473 1459 682 1501 mysteriorum
706 1457 758 1489 illa
781 1456 989 1499 profanatione
1013 1455 1145 1496 aliquem
1168 1454 1205 1486 ad
1229 1464 1323 1496 popu·

212 1520 273 1551 lum
298 1518 468 1561 pervenisse
492 1528 656 1556 rumorem,
691 1527 795 1558 parum
820 1518 920 1547 tamen
944 1513 1097 1556 probabile
1121 1516 1184 1551 est,
1209 1515 1325 1555 praeter

212 1577 379 1610 Alcibiadis
414 1577 593 1608 necessarios
629 1585 810 1617 quemquam
847 1574 948 1605 omnia
983 1576 1043 1604 tam
1080 1574 1220 1604 accurate
1253 1574 1325 1603 nota

213 1636 366 1675 habuisse,
391 1640 425 1668 ut
448 1635 596 1666 confidere
620 1638 723 1676 posset
746 1644 792 1672 se,
818 1633 882 1675 lege
905 1633 972 1671 περὶ
997 1635 1056 1662 τῶν
1078 1631 1184 1662 ἄλλων
1205 1629 1324 1668 ἀσεβη-

213 1695 321 1734 μάτων
356 1694 482 1736 perlata,
518 1692 687 1725 Alcibiadis
725 1691 843 1733 culpam
880 1691 992 1733 populo
1026 1701 1089 1722 csse
1121 1689 1325 1732 probaturum.

216 1755 378 1787 Videamus
413 1764 493 1785 nunc
528 1752 632 1794 quales
668 1751 803 1783 homines
833 1750 921 1793 primi
954 1749 1119 1782 Alcibiadis
1143 1749 1326 1780 mentionem

215 1814 356 1846 fecerint:
381 1813 514 1850 μέτοικοι
542 1815 572 1843 ct
595 1810 764 1841 ἀκόλουθοι.
800 1809 883 1840 Nolo
911 1808 1000 1840 nimis
1023 1818 1124 1839 severe
1148 1818 1236 1849 agere
1258 1817 1327 1839 cum

215 1873 270 1911 iis,
303 1873 354 1914 qui
389 1871 502 1903 nullam
533 1869 726 1912 optimatium
753 1867 869 1910 culpam
894 1867 925 1898 in
949 1866 1072 1898 iudiciis
1096 1866 1156 1897 illis
1179 1868 1329 1897 versatam

215 1943 280 1964 esee
302 1930 496 1963 contendant.
530 1929 602 1960 Non
629 1928 704 1960 illud
727 1938 819 1969 rogo,
849 1927 875 1957 si
899 1926 968 1967 quis
992 1925 1083 1957 homo
1107 1925 1143 1956 de
1166 1924 1252 1967 plebe
1274 1923 1329 1956 ali·

217 1990 290 2033 quid
334 1990 371 2021 de
419 1988 628 2031 mysteriorum
665 1985 875 2029 profanatione
909 1983 1109 2023 inaudiverit,
1145 1983 1226 2024 quod
1259 1993 1329 2015 cum

218 2050 330 2093 populo
353 2048 572 2080 communicare
597 2045 703 2084 vellet,
726 2048 837 2087 putans
863 2043 894 2074 id
918 2054 934 2075 e
957 2042 1110 2085 republica
1133 2052 1215 2081 esse,
1239 2051 1331 2083 quam

218 2121 278 2142 non
303 2109 366 2151 ipsc
390 2106 550 2150 prodierit,
574 2104 655 2146 quod
678 2104 768 2135 sciret
792 2101 975 2141 narraverit,
993 2100 1199 2133 testimonium
1217 2100 1330 2133 denun-
