1536 2526
750 199 786 229 2]

203 321 287 342 reum
319 308 576 347 convincendum,
613 308 664 339 sed
700 307 788 339 simul
824 307 921 345 addo,
958 307 999 337 ita
1031 316 1116 347 saepe
1144 305 1321 335 innocentes

203 369 341 402 convinci
373 378 474 411 posse:
508 368 610 409 itaque
642 367 804 409 ancipitem
836 377 899 397 esse
931 369 961 397 et
986 365 1121 397 fallacem
1147 363 1238 394 liuius
1263 361 1321 393 sor·

204 429 302 461 mulae
326 429 357 460 iu
382 427 469 460 rebus
493 426 665 459 iudicandis
691 438 789 458 usum.
836 426 960 466 Quanto
993 425 1088 467 magis
1119 424 1149 455 in
1175 421 1323 454 historia?

204 488 316 520 Verum
341 488 380 519 sit
405 499 465 520 non
490 487 602 518 iniusta
626 486 676 518 illa
703 486 873 527 inquirendi
899 485 994 524 ratio,
1020 484 1112 515 immo
1140 482 1182 513 sic
1208 482 1320 520 valeat,

203 551 238 580 ut
261 547 443 588 cuicumque
467 546 588 588 aliquod
622 545 800 576 maleficium
834 544 967 587 profuit,
1000 543 1084 575 illum
1117 540 1320 579 commisisse,

203 607 384 648 cuicumque
419 606 539 644 nocuit,
577 605 662 636 illum
700 616 764 636 esse
799 605 991 636 innocentem
1028 601 1222 634 statuendum
1263 600 1321 639 sit,

204 669 304 698 tamen
336 677 374 697 ne
404 665 460 697 hoc
494 664 615 706 quidem
647 668 766 696 nostrae
797 675 904 696 causae
936 664 1039 696 obesse
1066 661 1226 695 contendo.
1275 660 1323 691 Ita

203 725 284 757 enim
308 724 516 767 Thucydidem
551 735 670 756 narrare
704 724 928 763 demonstravi,
964 727 998 755 ut
1032 723 1194 766 optimates
1217 721 1323 753 doceat

204 795 267 817 rem
302 783 489 823 instituisse,
528 783 655 816 Hermas
690 783 862 822 mutilasse,
892 784 989 826 legem
1025 783 1091 822 περὶ
1126 785 1184 814 τῶν
1217 782 1323 812 ἄλλων

204 842 422 882 ἀσεβημάτων
459 843 600 881 suasisse,
635 846 785 885 postremo
820 847 854 874 ut
889 843 968 874 inter
1001 846 1156 885 suspectos
1189 840 1324 873 Alcibia-

204 903 256 935 des
285 914 408 945 quoque
441 902 478 934 ab
515 901 668 934 indicibus
706 902 913 934 nominaretur
947 902 1094 941 effecisse,
1126 901 1177 933 sed
1203 903 1324 943 postea,

204 973 297 1004 quum
323 961 480 1004 demagogi
505 961 541 993 dc
569 961 720 993 evertendi
745 965 841 993 status
866 961 1019 1004 popularis
1043 961 1171 992 consilio
1197 960 1324 991 clamare

203 1020 387 1063 coepissent,
423 1032 439 1052 e
469 1020 631 1052 certamine
662 1022 837 1057 recessisse,
870 1032 967 1063 neque
999 1020 1159 1063 prohibere
1191 1018 1325 1062 potuisse

204 1081 368 1122 quominus
397 1084 427 1111 et
460 1079 617 1118 ἀξιόλογοι
643 1079 790 1119 ἄνθρωποι
825 1081 855 1112 iu
880 1080 1005 1112 vincula
1029 1080 1270 1118 coniicerentur,
1296 1084 1326 1111 et

203 1143 298 1171 morte
322 1150 432 1181 poenas
456 1139 583 1171 luerent.
622 1139 690 1170 Hoc
715 1140 738 1171 si
764 1143 864 1171 teneas
889 1151 949 1171 non
975 1139 1106 1182 amplius
1127 1143 1156 1170 te
1180 1138 1324 1170 cassiana

202 1199 352 1231 sententia
388 1198 564 1230 morabitur.
603 1200 650 1230 An
675 1199 860 1230 clandestina
897 1199 948 1230 illa
977 1199 1171 1241 optimatium
1197 1199 1323 1230 consilia

203 1269 319 1300 semper
342 1261 403 1289 tam
428 1258 590 1300 prudenter
614 1262 643 1289 et
668 1263 754 1290 caute
779 1258 1002 1297 instituuntur,
1036 1262 1068 1290 ut
1093 1258 1131 1289 iis
1157 1258 1320 1289 verendum

203 1329 262 1350 non
286 1318 342 1356 sit,
366 1329 404 1349 ne
427 1318 485 1360 ipsi
509 1318 541 1350 in
565 1329 634 1350 suas
658 1318 758 1360 plagas
784 1318 939 1350 incidant?
974 1317 1084 1349 Nonne
1108 1317 1172 1359 ipsa
1196 1318 1321 1350 historia

202 1377 307 1416 docet,
343 1377 520 1420 optimates,
557 1388 652 1419 quum
690 1377 726 1409 de
754 1378 835 1409 iusta
869 1377 995 1408 victoria
1023 1377 1196 1418 desperent,
1222 1379 1322 1410 auimo

202 1437 318 1469 ardenti
343 1440 373 1468 et
397 1440 570 1479 exasperato
594 1437 770 1479 plerumque
795 1437 832 1468 ad
856 1448 906 1468 ess
929 1440 1010 1468 artes
1041 1438 1221 1479 confugere,
1246 1449 1322 1479 quae

201 1496 265 1527 suis
299 1495 467 1528 rationibus
505 1496 633 1527 maxime
669 1497 819 1528 noceant?
863 1496 971 1537 Quid?
1009 1496 1113 1536 Quum
1149 1496 1185 1527 de
1221 1496 1321 1539 longis

202 1555 356 1587 moenibus
379 1555 518 1587 Piraeum
545 1566 647 1587 versus
671 1556 867 1588 aedificandis
893 1556 938 1588 lex
967 1556 1083 1598 perlata
1107 1559 1321 1587 esset—utar

200 1615 281 1646 enim
317 1614 468 1657 exemplo,
504 1614 585 1656 quod
623 1619 741 1647 nostrae
776 1627 881 1647 causae
917 1616 1026 1648 mirum
1055 1619 1202 1657 quantum
1231 1616 1319 1647 affine

200 1677 318 1712 est—-,
343 1684 498 1716 quumque
522 1674 701 1716 optimates,
726 1674 838 1716 quibus
862 1686 896 1706 ea
920 1686 966 1706 res
989 1686 1050 1706 non
1074 1675 1174 1706 miuus
1199 1674 1317 1717 ingrata

200 1738 264 1764 erat
288 1743 377 1775 quam
402 1733 527 1775 posteris
546 1744 650 1765 eorum
669 1734 822 1776 expeditio
846 1734 1030 1773 Siciliensis,
1050 1734 1211 1765 consilium
1232 1734 1316 1765 iniis-

200 1791 273 1822 dent
303 1791 339 1823 tle
371 1791 469 1834 patria
501 1792 640 1824 hostibus
669 1793 813 1825 tradenda
832 1795 874 1834 ¹),
899 1804 998 1825 nonne
1023 1793 1052 1825 id
1076 1793 1256 1832 effecerunt,
1282 1798 1317 1825 ut

199 1854 229 1881 et
254 1850 382 1889 nobiles,
408 1849 519 1893 quibus
538 1852 636 1894 patria
661 1852 756 1884 carior
779 1856 874 1891 esset,
899 1863 967 1884 cum
992 1852 1105 1894 populo
1129 1852 1261 1884 retlircut
1285 1852 1316 1883 in

199 1909 327 1952 gratiam
341 1911 381 1951 ⁹),
407 1913 438 1942 et
463 1922 534 1943 suae
563 1911 704 1943 factionis
731 1911 869 1943 homines
900 1911 931 1942 in
956 1910 1082 1943 Boeotia
1114 1911 1319 1954 opprimeren-

235 2061 255 2093 “)
282 2058 366 2087 Thuc.
386 2059 409 2087 1.
427 2059 490 2088 107.

240 2103 261 2135 ἵ)
290 2101 363 2130 Plut.
383 2101 450 2129 Cim.
470 2102 512 2131 1⁷.
