1536 2526
689 185 726 215 :31

157 291 282 323 omnino
305 292 419 324 nullam
440 293 502 324 vim
529 292 650 324 haberet
674 291 844 330 decretum,
871 291 959 332 quale
982 294 1029 322 est
1054 289 1136 332 apud
1158 288 1280 330 Thucy-

157 349 268 382 didem.
316 352 359 382 At
393 351 567 383 Andocides
603 361 663 382 non
699 350 796 382 solum
831 350 890 381 iam
922 349 959 381 ab
991 349 1050 381 alio
1079 348 1281 380 denunciatus

157 413 237 448 erat,
261 420 321 441 non
341 409 440 442 solum
459 410 490 442 in
510 409 631 441 vincula
654 409 826 447 coniectus,
851 408 902 440 sed
923 412 954 440 et
975 409 1159 443 αἰτιώτατος
1185 406 1279 439 ἐδόκει

157 466 252 508 εἶναι,
276 468 320 500 ita
341 473 375 502 ut
395 469 422 502 ei
440 469 503 501 sive
524 472 654 507 taceret,
679 468 743 500 sive
766 468 971 506 confiteretur,
995 467 1161 499 certissima
1185 470 1280 499 morte

157 531 235 560 esset
269 528 466 571 pereundum.
513 528 585 560 Non
622 528 733 560 mirum
770 527 873 570 igitur,
910 527 996 559 illum
1032 526 1177 569 peculiari
1214 526 1279 568 lege

157 587 365 630 impetravisse
389 587 620 630 impunitatem,
645 587 670 619 si
695 598 756 619 non
779 590 881 619 sontes
902 587 1003 629 potius
1028 596 1117 627 quam
1143 585 1280 617 insontes

157 645 330 680 indicasset.
359 634 362 636 .

202 705 300 738 Verba
324 706 404 739 illius
427 706 538 739 decreti
563 705 728 738 seeundum
752 705 961 748 Thucydidem
987 707 1090 737 erant:
1123 704 1151 735 εἴ
1173 704 1221 740 τίς
1248 716 1277 735 τι

156 763 237 798 οἶδεν
269 765 350 798 ἄλλο
385 765 539 804 ἀσέβημα
569 765 781 804 γεγενημένον
814 766 941 804 μηνύειν
966 765 1063 800 ἀδεῶς
1089 765 1140 796 riu
1165 764 1278 803 βουλό-

155 837 256 864 μενον.
306 826 414 867 Neque
436 826 542 865 credo,
577 826 603 857 si
637 837 738 858 revera
768 825 907 857 homines
938 825 976 857 ad
1001 824 1198 857 indicandum
1226 824 1278 856 ad·

155 884 269 917 hortari
308 885 468 918 voluerunt
504 885 722 924 Athenienses,
757 896 807 918 eos
841 885 898 917 alia
939 884 1104 917 addidisse.
1158 886 1218 924 At,
1253 884 1278 915 si

156 944 230 977 fides
243 945 392 977 Andocidi
408 946 438 987 (ᾧ
453 946 538 987 20’“),
562 945 606 977 ita
623 945 826 987 scripserunt:
852 945 877 976 εἱ
903 945 961 982 μὲν
985 945 1105 981 τάληθῆ
1130 943 1277 983 μηνύσειέ

155 1015 203 1039 τις
227 1002 305 1036 εἶναι
339 1005 394 1041 τὴν
419 1005 538 1040 ἄδειαν,
565 1005 590 1036 εἱ
619 1005 649 1036 δὲ
683 1004 726 1036 τὰ
750 1005 850 1045 ψευδῆ
882 1004 1038 1037 τεθνάναι.
1087 1004 1277 1036 Praeclarum

156 1063 254 1096 hercle
282 1063 453 1103 decretum,
485 1064 627 1106 quodque
658 1063 753 1106 magis
785 1064 886 1096 credas
918 1063 1057 1096 homines
1081 1063 1276 1103 deterruisse,

155 1134 246 1165 quam
277 1123 314 1155 ad
348 1124 544 1156 indicandum
579 1123 732 1156 incitasse.
780 1123 859 1163 Quis
897 1123 999 1156 credat
1035 1123 1078 1155 ita
1110 1123 1278 1155 decrevisse

154 1182 371 1222 Athenienses,
405 1194 500 1225 quum
530 1183 673 1215 facinoris
703 1182 888 1214 obscuritate
919 1183 1002 1215 anxii
1026 1186 1127 1215 essent
1150 1194 1186 1215 ac
1212 1194 1277 1226 per-

155 1241 287 1280 turbati,
309 1245 341 1274 et
367 1253 560 1285 quocumque
584 1241 706 1274 tandem
731 1241 820 1274 modo
847 1242 885 1274 de
914 1243 1093 1275 auctoribus
1123 1243 1187 1275 fieri
1216 1242 1277 1275 vel·

154 1300 220 1333 lent
243 1301 408 1333 certiores?

199 1361 303 1403 §222
337 1359 449 1392 Omnia
484 1360 552 1400 illa,
588 1371 667 1402 quae
703 1363 805 1393 orator
844 1360 881 1393 de
916 1361 1088 1404 Speusippo
1122 1360 1278 1404 patrisque

155 1419 203 1452 sui
235 1420 269 1452 in
298 1431 367 1452 eum
402 1420 522 1452 actione
556 1420 665 1459 tradit,
701 1424 766 1452 atra
796 1423 975 1462 premuntur
1006 1420 1143 1463 caligine.
1189 1421 1277 1453 Nihil

157 1482 257 1512 tamen
289 1479 321 1512 in
351 1480 391 1511 iis
421 1480 568 1522 reperitur
599 1478 760 1511 absurdius
792 1490 883 1521 quam
907 1479 990 1521 quod
1013 1490 1095 1512 nunc
1118 1480 1276 1522 proferam.

159 1539 212 1579 „Si
237 1550 343 1571 verum
365 1538 465 1571 essee’
489 1542 590 1571 orator
612 1539 656 1571 ait
682 1539 783 1581 „quod
815 1539 933 1571 inimici
960 1539 1020 1571 mei
1047 1539 1205 1580 dixerunt,
1231 1551 1277 1572 me

157 1602 273 1642 patrem
297 1610 397 1632 meum
421 1599 618 1638 indicavisse,
643 1599 830 1642 Speusippus
854 1599 886 1631 in
906 1610 940 1631 ea
959 1599 1148 1639 παρανόμων
1164 1603 1276 1640 γραφῇ

158 1669 206 1692 me
232 1659 276 1691 ita
302 1663 379 1692 esset
402 1659 568 1692 allocutus:
602 1658 745 1699 ’,ἔλεγχε
781 1660 821 1691 σὺ
853 1660 905 1691 τὸν
933 1660 1056 1699 πκτέρκ
1088 1660 1104 1697 ἦ
1130 1661 1185 1692 οὐκ
1209 1660 1274 1692 ἔστι

157 1729 203 1750 σοι
226 1718 351 1752 aazia?
397 1719 510 1758 Credo,
539 1718 566 1750 si
593 1719 718 1752 insanus
749 1722 829 1752 esset
860 1719 1057 1762 Speusippus.
1103 1719 1277 1752 Andocides

158 1778 239 1810 enim
271 1789 332 1811 non
357 1781 422 1811 erat
457 1778 537 1811 inter
559 1790 626 1818 eos,
658 1790 735 1821 quos
762 1778 867 1822 Lydus
900 1779 1145 1813 denunciaverat.
1192 1779 1276 1820 Quid

157 1848 230 1881 ergo
256 1838 285 1871 ei
307 1849 378 1871 eum
401 1838 602 1882 impunitate?
650 1838 775 1871 Inimici
799 1839 921 1872 nonnisi
945 1840 977 1873 id
1000 1840 1189 1873 contendunt
1213 1841 1277 1872 An-

157 1897 295 1930 docidem
325 1901 439 1941 patrem
467 1909 556 1931 suum
590 1898 755 1938 iudicasse,
792 1899 917 1932 minime
955 1900 1054 1943 ipsum
1082 1911 1205 1942 quoque
1239 1900 1275 1932 de

158 1968 189 1990 se
212 1957 382 1990 confessum
409 1968 484 1991 esse.
531 1958 705 2001 Respondet
728 1969 812 1991 reus:
839 1970 921 1997 „non
945 1970 962 1991 a
987 1971 1050 1999 me,
1076 1960 1126 1992 sed
1150 1971 1167 1991 a
1189 1959 1276 2002 Lydo

159 2017 310 2049 Phereclis
344 2029 429 2050 servo
457 2021 542 2061 pater
569 2029 654 2051 meus
690 2018 843 2050 indicatus
877 2018 956 2051 est.''
1002 2019 1084 2062 Ergo
1118 2019 1144 2050 si
1173 2019 1217 2051 ita
1244 2031 1276 2051 se

158 2088 204 2109 res
247 2076 384 2116 haberet,
418 2080 454 2109 ut
488 2077 636 2110 affirmant
671 2077 856 2116 adversarii,
900 2078 1086 2118 Andocides,
1125 2078 1274 2111 mendacii
