1536 2526
778 227 798 255 4

236 330 377 372 mysteria
413 330 515 362 habita
543 335 573 363 et
602 332 746 363 Mercurii
776 331 935 363 simulacra
958 342 1022 363 esse
1049 331 1202 363 mutilata:
1228 331 1345 363 horum-

236 400 294 430 que
326 389 400 421 nihil
435 390 499 422 sinc
524 390 574 422 illo
598 402 660 423 esse
688 394 906 433 perpetratum:
931 390 1020 422 cuius
1042 390 1084 422 rei
1110 390 1166 422 hoc
1188 401 1346 432 argumen-

234 452 299 480 tum
323 447 488 488 addebant,
514 449 596 491 quod
619 454 649 481 et
673 449 703 480 in
731 449 815 481 victu
839 449 982 491 cultuque
1006 448 1140 491 corporis
1161 460 1196 481 ea
1213 451 1346 480 uteretur

234 506 413 546 insolentia,
437 518 514 549 quae
539 519 633 539 mores
659 507 815 549 populares
836 507 1001 539 excederet.

277 566 442 598 Videamus
478 567 535 598 inm
570 577 607 597 un
645 577 680 597 cx
720 566 782 602 his,
819 576 895 607 quae
930 565 1115 608 Thucydidis
1144 565 1183 597 de
1205 565 1345 597 facinoris

232 624 347 656 ratione
383 628 413 656 et
444 624 569 656 consilio
602 625 642 655 sit
667 624 832 662 sententia,
863 624 910 655 vel
935 624 1037 666 potius
1060 623 1134 666 quid
1157 628 1343 666 compertum

232 683 353 722 habeat,
378 684 492 715 efficere
518 683 677 725 possimus.
714 682 847 714 Primum
868 682 943 714 illud
961 685 1096 724 apparet,
1121 682 1158 713 de
1177 693 1238 723 quo
1258 693 1345 714 nemo

230 740 366 780 dubitat,
401 742 486 781 illos,
523 742 575 783 qui
611 753 680 784 prae
703 741 810 773 ceteris
834 741 866 772 in
891 741 1027 772 omnium
1052 744 1218 782 conspectu
1242 751 1346 772 omnes

231 800 308 832 vires
343 801 554 840 intenderunt,
589 805 623 832 ut
655 800 841 832 Alcibiadem
867 799 1040 842 perderent,
1065 799 1200 831 homines
1223 799 1346 842 popula-

233 870 295 898 τρε,
320 859 501 902 demagogos
527 860 619 891 fuisse
644 861 679 900 ¹).
715 859 837 890 Praeter
862 858 952 890 verba
973 859 1064 889 citata
1088 858 1145 889 hoc
1163 858 1346 891 demonstra-

233 921 283 950 tur
311 919 367 957 iis,
392 929 468 961 quae
493 923 678 960 sequuntur,
711 918 762 949 ubi
787 921 924 949 narratur
948 917 993 958 (C.
1019 918 1072 958 29)
1098 916 1165 948 illos
1190 917 1345 956 inimicos,

233 988 325 1018 quum
349 977 520 1009 Alcibiades
544 977 707 1019 postularet
732 981 763 1008 ut
784 977 866 1018 prius
886 976 923 1008 de
944 987 975 1008 se
999 976 1147 1008 indicium
1168 975 1345 1016 haberetur,

235 1047 325 1077 quam
348 1037 449 1068 classis
472 1041 592 1079 portum
618 1036 813 1077 relinqueret,
836 1036 980 1067 metuisse
1002 1036 1067 1074 ,Ιμὴ
1087 1035 1306 1076 μαλακίζηται
1332 1035 1346 1066 ὃ

233 1095 366 1133 δῆμος”,
391 1107 467 1137 quae
492 1096 580 1128 verba
604 1095 723 1138 egregie
739 1095 923 1126 conveniunt
947 1095 978 1126 in
994 1095 1079 1134 illos,
1103 1095 1156 1137 qni
1177 1095 1347 1136 ,Ιέπ-ισίζου-

234 1166 280 1186 σιν
305 1158 335 1186 et
363 1155 568 1196 ἑπιρρύζσυσιν
590 1156 640 1187 ἐπὶ
664 1155 735 1190 τοὺς
765 1154 924 1194 ἐχθρούς”,
948 1158 978 1186 et
1005 1154 1165 1187 immisisse
1199 1154 1346 1190 ἄλλους

234 1216 415 1254 ῥήτορας.

278 1273 351 1306 Dixi
379 1274 531 1306 neminem
562 1273 719 1312 dubitare,
750 1274 822 1315 quin
856 1273 1089 1315 demagogorum
1121 1284 1210 1315 opera
1234 1273 1349 1305 factum

235 1332 289 1371 sit,
315 1336 349 1364 ut
373 1333 547 1365 Alcibiades
570 1333 601 1364 in
627 1332 772 1364 iudicium
796 1336 973 1369 vocaretur,
997 1331 1108 1363 nemini
1127 1332 1267 1374 ignotum
1286 1343 1349 1364 esse

238 1391 323 1431 illos,
355 1396 540 1432 metuentes,
571 1403 607 1424 ne
639 1391 768 1423 militum
801 1392 903 1423 favore
934 1394 1170 1431 sustentaretur,
1199 1391 1348 1431 effecisse,

237 1455 271 1483 ut
303 1450 340 1483 de
362 1463 397 1483 eo
421 1451 544 1484 absente
576 1451 702 1491 nfecisse
726 1450 866 1482 videtur'’
891 1451 1157 1492 pronunciaretur3
1182 1449 1273 1482 verbo
1297 1450 1350 1482 ho·

237 1510 332 1543 mines
364 1511 521 1553 populares
554 1510 663 1549 fuisse,
695 1510 747 1552 qui
778 1509 861 1542 nulla
892 1509 1143 1547 dissimulatione,
1176 1510 1228 1542 sed
1251 1509 1350 1552 palam

236 1573 305 1601 ante
335 1569 437 1601 oculos
466 1569 571 1612 populi
603 1569 779 1601 inimicitias
810 1580 878 1601 suas
910 1579 979 1600 cum
1011 1568 1167 1600 Alcibiade
1198 1568 1259 1600 sint
1285 1579 1348 1611 per-

238 1628 345 1660 secuti.
387 1628 446 1660 Res
480 1629 513 1660 in
543 1632 645 1670 aperto
674 1632 736 1660 cstz
766 1627 831 1670 ipse
861 1627 1053 1670 Thucydides
1076 1638 1137 1659 non
1160 1626 1284 1659 obscure
1306 1627 1350 1660 ita

240 1690 355 1725 narrat,
389 1698 487 1729 neque
518 1699 593 1730 opus
619 1691 665 1719 est
687 1687 778 1730 longa
801 1686 851 1718 illa
874 1689 1117 1729 argumentorum
1142 1686 1233 1726 serie,
1257 1696 1349 1728 quam

241 1746 396 1778 Gilbertus
421 1748 446 1789 ²)
481 1750 645 1780 enumerat.
691 1746 764 1779 Non
798 1746 878 1778 enim
912 1745 961 1778 ille
989 1745 1020 1777 id
1052 1745 1237 1778 demonstrat
1267 1745 1350 1788 qnod

274 1845 293 1878 ¹)
313 1843 432 1870 Roscher
449 1842 553 1877 chcn,
573 1843 655 1871 Wcrk
670 1842 723 1870 uud
737 1841 864 1870 Zeitnltcr
877 1842 922 1870 des
935 1842 1017 1870 Thac.
1031 1851 1056 1878 p.
1069 1843 1135 1870 431:
1158 1842 1230 1874 ,Das
1245 1841 1349 1878 (verbm

239 1889 263 1916 σι’
289 1890 422 1922 μάλιστα
452 1892 491 1924 τῷ
518 1891 599 1916 Ἀλκ.
630 1888 776 1924 &zamam
799 1887 923 1923 ἒμποδῶν
944 1888 1002 1916 ’όντι
1021 1887 1101 1924 σφίσι
1127 1891 1164 1923 μῆ
1185 1887 1282 1922 αὐτοῖς
1302 1887 1349 1923 βε·

239 1935 322 1970 exim
353 1939 402 1964 τοῦ
432 1935 516 1970 δήμου
546 1935 728 1973 προεστάναι)
755 1940 823 1966 wilre
851 1938 918 1966 doch
946 1948 996 1966 nur
1023 1938 1083 1966 selu·
1110 1948 1270 1976 gczwnngen
1297 1947 1349 1968 von

238 1980 397 2016 Oligarchcn
423 1990 454 2008 zu
476 1982 641 2009 vcrstchcn.''
679 1982 766 2010 Nimis
782 1983 925 2011 clementer
944 1983 985 2011 vir
1001 1983 1182 2013 doctissimus:
1205 1994 1258 2013 non
1279 1986 1351 2013 esset

236 2023 299 2051 liucc
318 2026 439 2051 contorta
459 2024 614 2060 explicatio,
635 2025 680 2052 scd
701 2029 817 2054 extrema
835 2027 948 2056 insania.

267 2067 288 2100 ²)
313 2067 412 2094 Gilbcrt
441 2067 564 2099 Beitriirzc
589 2077 634 2094 zur
658 2069 749 2096 inncrn
777 2070 935 2098 Gcschiehtc
961 2071 1063 2098 Athens
1089 2071 1124 2098 im
1147 2071 1276 2100 Zeitelter
1303 2070 1349 2100 des

231 2108 487 2145 Peloponnesisehcn
513 2110 623 2146 Kricgcs
647 2120 672 2146 p.
692 2112 845 2145 253—267;
868 2115 961 2141 contra
981 2122 1059 2149 quem
1079 2113 1101 2141 si
1121 2112 1164 2142 hio
1182 2113 1239 2142 illio
1261 2113 1348 2143 acrius
