1536 2526
781 206 822 235 48

285 310 315 340 Si
347 309 415 351 quis
447 309 536 341 modo
565 310 747 353 inspexerit,
776 311 1026 353 quemadmodum
1050 323 1141 355 supra
1164 316 1264 355 partes
1287 323 1349 344 ora-

241 369 333 400 tionis
367 368 583 411 disposuerim,
619 369 788 411 videritque
819 382 880 412 quo
911 370 984 402 haec
1014 371 1045 402 in
1072 371 1250 414 Epicliurem
1281 371 1348 404 loco

240 428 321 460 «licta
350 429 428 467 sint,
462 428 504 460 illi
537 428 638 460 statim
671 429 844 471 apparebit,
874 441 963 471 quain
992 430 1098 472 iniqua
1120 430 1160 462 sit
1189 442 1223 462 ea
1251 441 1348 473 repre-

239 487 352 520 hensio.
398 487 508 530 Legem
549 488 629 520 enim
671 487 792 520 Solonis
826 493 856 520 et
891 489 1092 532 Demophnnti
1130 489 1346 532 populiscitum

237 547 355 578 sublntn
396 558 479 584 esse,
521 547 645 578 minime
685 547 875 580 obliviscitur
913 553 1020 581 orator.
1067 548 1124 580 Sed
1160 549 1217 580 hoc
1251 548 1345 580 dicit:

238 617 326 648 qumn
358 606 545 647 iniquissime
577 610 622 637 est
653 610 874 648 comparatum,
905 610 938 638 ut
969 607 1044 638 mihi
1069 618 1129 638 non
1153 607 1346 649 permittatur

235 665 398 697 oblivionis
429 666 493 708 lege
525 666 601 704 frui,
635 676 728 707 quum
761 665 818 696 iste
847 676 931 697 meus
953 665 1141 696 adversarius
1165 665 1345 708 Epichares,

235 724 325 756 homo
349 725 481 756 omnium
507 724 711 767 turpissimus,
737 727 856 766 propter
879 723 1004 756 eandem
1028 724 1124 766 legem
1149 724 1230 756 omni
1251 735 1347 766 poena

236 783 401 815 sucinorum
434 795 554 815 suorum
587 795 646 815 non
671 783 769 815 solum
794 784 834 814 sit
854 783 1014 822 immunis,
1039 783 1090 814 sed
1110 786 1140 814 et
1159 783 1347 825 probissimis

235 842 406 874 hominibus
447 843 587 875 exhibeat
630 843 800 882 molestias,
837 842 904 884 qui,
941 843 965 874 si
1002 842 1092 874 modo
1128 841 1248 884 legibus
1277 846 1347 874 ente

236 901 392 933 Euclidem
417 902 590 933 arcliontem
616 902 660 933 uti
686 901 802 940 liceret,
831 901 938 943 dignas
962 912 1032 933 suae
1056 901 1210 943 nequitiae
1237 912 1347 944 poenas

233 961 326 993 duret.
362 961 474 993 Eadem
497 966 542 993 est
565 972 655 993 causa
679 960 810 1003 Cephisii
836 964 865 992 et
889 960 1004 992 Meleti.

278 1080 346 1111 Non
371 1084 431 1111 tam
456 1080 543 1111 facile
567 1080 694 1111 solvitur
718 1079 775 1111 alia
798 1079 969 1112 difficultas
1016 1080 1132 1122 Nempe
1163 1090 1252 1112 nemo
1281 1090 1346 1112 ora-

233 1140 346 1171 tionem
370 1139 467 1181 legere
491 1143 604 1181 potest,
638 1139 712 1180 quin
744 1142 843 1180 roget:
876 1139 975 1171 omnia
999 1139 1066 1177 illa,
1097 1150 1174 1180 quae
1202 1139 1346 1182 leguntur

233 1210 249 1230 n
274 1200 362 1240 §73¹¹
388 1209 484 1240 usque
507 1199 543 1230 ud
573 1199 696 1241 §80¹¹“2‚
727 1210 788 1241 quo
818 1199 938 1230 taudem
971 1199 1127 1240 spectant?
1173 1198 1218 1230 Ea
1248 1198 1344 1240 enim,

233 1269 310 1299 quae
339 1262 408 1300 post
435 1269 469 1289 ea
492 1261 670 1300 sequuntur,
693 1257 766 1289 satis
790 1268 939 1299 superque
965 1257 1188 1296 demonstrant,
1214 1257 1344 1289 Isotimi-

231 1317 278 1348 ‹lis
315 1317 530 1359 populiscitum
570 1318 655 1349 novis
691 1317 808 1359 legibus
843 1328 905 1348 esse
943 1316 1130 1358 abrogatum.
1177 1316 1236 1348 Sed
1270 1316 1344 1359 quid

231 1375 289 1407 sibi
327 1375 390 1407 vult
428 1375 500 1408 illud
537 1376 715 1408 Patroclidis
754 1376 929 1408 decretum?
987 1375 1167 1408 Rectissime
1210 1375 1345 1408 Blassius

230 1446 260 1476 p.
285 1436 376 1467 304²:
401 1434 604 1474 ‘'Patroclidis
627 1437 784 1475 ψήφισμα
808 1435 962 1474 recitatur,
993 1438 1024 1467 et
1053 1435 1136 1467 varia
1165 1446 1273 1477 genera
1296 1446 1344 1468 ca-

230 1493 293 1535 pite
315 1493 538 1526 deminutorum
573 1499 773 1534 recensentur,
809 1494 886 1526 hanc
911 1494 1028 1526 scilicet
1058 1494 1098 1526 ob
1134 1506 1272 1535 causam,
1307 1498 1344 1527 ut

230 1552 415 1586 demonstret
441 1564 527 1586 suam
552 1566 672 1596 quoque
695 1554 827 1593 ἀτιμίαν
851 1554 994 1593 desiisse;
1024 1564 1210 1596 quamquam
1233 1554 1343 1586 miran-

229 1612 303 1644 ‹lum
327 1616 372 1645 est
402 1613 498 1655 ipsam
529 1613 613 1645 illam
645 1614 933 1657 argumentationem
969 1612 1162 1645 desiderari?
1208 1613 1249 1646 Et
1274 1617 1344 1656 post

229 1683 338 1714 pauca:
365 1683 445 1711 anon
469 1672 606 1715 intelligo
630 1684 682 1705 cur
705 1677 814 1713 orator,
839 1684 917 1715 quae
945 1673 1006 1705 sint
1036 1684 1145 1715 genera
1169 1673 1269 1716 capite
1292 1672 1343 1705 de-

229 1731 433 1771 minutorum,
459 1735 512 1764 aut
540 1732 662 1764 omnino
687 1736 832 1775 exponat,
857 1736 911 1764 aut
935 1735 1013 1764 certe
1040 1743 1093 1764 cur
1122 1732 1214 1764 tantis
1243 1731 1342 1764 amba-

229 1789 317 1833 gibus
340 1791 499 1834 cxponat.''
546 1791 654 1823 Fateor
678 1804 714 1824 ne
739 1792 814 1824 mihi
839 1791 978 1834 quidem,
1003 1802 1182 1834 quocunque
1206 1802 1254 1824 me
1277 1802 1343 1824 ver-

230 1850 335 1890 terim,
359 1851 536 1894 contigisse,
560 1854 595 1883 ut
618 1850 763 1894 probabili
787 1851 901 1883 ratione
924 1850 1120 1893 explicarem,
1152 1851 1233 1893 quod
1261 1853 1342 1883 esset

230 1909 321 1943 liuius
342 1910 400 1943 loci
424 1911 594 1943 consilium.
641 1910 700 1943 Sed
724 1921 838 1950 unum,
861 1909 1172 1953 quantulumcumque
1200 1912 1263 1950 est,
1289 1909 1340 1942 hic

230 1981 348 2012 ponam.
394 1969 440 2002 Eo
474 1970 558 2009 loco,
595 1970 647 2002 ubi
682 1973 781 2002 orator
810 1970 957 2012 queritur,
991 1969 1177 2002 adversarios
1208 1980 1278 2002 suos
1309 1979 1340 2001 se

230 2039 373 2061 novarum
404 2029 504 2072 legum
535 2029 701 2061 commodis
732 2029 860 2072 spoliare
891 2029 981 2069 velle,
1011 2028 1121 2071 quibus
1143 2028 1220 2071 ipsi,
1245 2038 1339 2071 quum

229 2088 379 2121 veteribus
417 2088 533 2132 legibus
571 2089 693 2122 obnoxii
733 2089 812 2128 sint,
850 2089 997 2128 fruantur,
1037 2087 1211 2131 Cephisium
1248 2086 1338 2127 dicit,
