<?xml version="1.0" encoding="UTF-8"?>
<!DOCTYPE html PUBLIC "-//W3C//DTD XHTML 1.0 Transitional//EN"
    "http://www.w3.org/TR/xhtml1/DTD/xhtml1-transitional.dtd">
<html xmlns="http://www.w3.org/1999/xhtml" xml:lang="en" lang="en">
 <head>
  <title>
</title>
<meta http-equiv="Content-Type" content="text/html;charset=utf-8" />
  <meta name='ocr-system' content='tesseract 3.04.00' />
  <meta name='ocr-capabilities' content='ocr_page ocr_carea ocr_par ocr_line ocrx_word'/>
</head>
<body>
  <div class='ocr_page' id='page_1' title='image "./dehermocopidarum00hart_0041.png"; bbox 0 0 1536 2526; ppageno 0'>
   <div class='ocr_carea' id='block_1_1' title="bbox 757 207 795 237">
    <p class='ocr_par' dir='ltr' id='par_1_1' title="bbox 757 207 795 237">
     <span class='ocr_line' id='line_1_1' title="bbox 757 207 795 237; baseline 0.026 -1"><span class='ocrx_word' id='word_1_1' title='bbox 757 207 795 237; x_wconf 78' lang='lat'><strong>27</strong></span> 
     </span>
    </p>
   </div>
   <div class='ocr_carea' id='block_1_2' title="bbox 217 313 1343 1664">
    <p class='ocr_par' dir='ltr' id='par_1_2' title="bbox 218 313 1343 1486">
     <span class='ocr_line' id='line_1_2' title="bbox 224 313 1340 356; baseline 0 -12"><span class='ocrx_word' id='word_1_2' title='bbox 224 313 382 345; x_wconf 81' lang='lat' dir='ltr'><strong>adhibitas.</strong></span> <span class='ocrx_word' id='word_1_3' title='bbox 431 313 533 344; x_wconf 75' lang='lat' dir='ltr'><strong>Altera</strong></span> <span class='ocrx_word' id='word_1_4' title='bbox 565 318 609 344; x_wconf 79' lang='lat' dir='ltr'><strong>est</strong></span> <span class='ocrx_word' id='word_1_5' title='bbox 643 314 795 345; x_wconf 66' lang='lat' dir='ltr'><strong>infirmum</strong></span> <span class='ocrx_word' id='word_1_6' title='bbox 827 314 903 345; x_wconf 86' lang='lat' dir='ltr'><strong>illud</strong></span> <span class='ocrx_word' id='word_1_7' title='bbox 935 314 1113 351; x_wconf 71' lang='grc' dir='ltr'><em>ὁμωνυμίκς</em></span> <span class='ocrx_word' id='word_1_8' title='bbox 1143 313 1340 356; x_wconf 76' lang='lat' dir='ltr'><strong>praesidium,</strong></span> 
     </span>
     <span class='ocr_line' id='line_1_3' title="bbox 223 372 1341 414; baseline 0.001 -11"><span class='ocrx_word' id='word_1_9' title='bbox 223 383 283 414; x_wconf 94' lang='lat' dir='ltr'><strong>quo</strong></span> <span class='ocrx_word' id='word_1_10' title='bbox 307 372 446 414; x_wconf 79' lang='lat' dir='ltr'><strong>equidem</strong></span> <span class='ocrx_word' id='word_1_11' title='bbox 473 383 626 413; x_wconf 78' lang='lat' dir='ltr'><strong>nunquam</strong></span> <span class='ocrx_word' id='word_1_12' title='bbox 651 373 755 404; x_wconf 87' lang='lat' dir='ltr'><strong>lubens</strong></span> <span class='ocrx_word' id='word_1_13' title='bbox 779 378 855 404; x_wconf 78' lang='lat' dir='ltr'><strong>utar.</strong></span> <span class='ocrx_word' id='word_1_14' title='bbox 905 373 1075 404; x_wconf 79' lang='lat' dir='ltr'><strong>Absurdius</strong></span> <span class='ocrx_word' id='word_1_15' title='bbox 1099 374 1189 405; x_wconf 76' lang='lat' dir='ltr'><strong>etium</strong></span> <span class='ocrx_word' id='word_1_16' title='bbox 1213 373 1341 404; x_wconf 80' lang='lat' dir='ltr'><strong>alterum</strong></span> 
     </span>
     <span class='ocr_line' id='line_1_4' title="bbox 221 431 1343 474; baseline 0.001 -12"><span class='ocrx_word' id='word_1_17' title='bbox 221 434 282 469; x_wconf 75' lang='lat' dir='ltr'><strong>est,</strong></span> <span class='ocrx_word' id='word_1_18' title='bbox 317 432 397 472; x_wconf 88' lang='lat' dir='ltr'><strong>quod</strong></span> <span class='ocrx_word' id='word_1_19' title='bbox 433 435 530 463; x_wconf 80' lang='lat' dir='ltr'><strong>tamen</strong></span> <span class='ocrx_word' id='word_1_20' title='bbox 563 442 599 463; x_wconf 80' lang='lat' dir='ltr'><strong>ex</strong></span> <span class='ocrx_word' id='word_1_21' title='bbox 632 431 697 474; x_wconf 83' lang='lat' dir='ltr'><strong>ipso</strong></span> <span class='ocrx_word' id='word_1_22' title='bbox 731 431 889 463; x_wconf 80' lang='lat' dir='ltr'><strong>Andocide</strong></span> <span class='ocrx_word' id='word_1_23' title='bbox 920 432 1036 474; x_wconf 76' lang='lat' dir='ltr'><strong>probari</strong></span> <span class='ocrx_word' id='word_1_24' title='bbox 1068 433 1178 474; x_wconf 76' lang='lat' dir='ltr'><strong>possit,</strong></span> <span class='ocrx_word' id='word_1_25' title='bbox 1204 433 1228 463; x_wconf 84' lang='lat' dir='ltr'><strong>si</strong></span> <span class='ocrx_word' id='word_1_26' title='bbox 1254 432 1343 464; x_wconf 90' lang='lat' dir='ltr'><strong>modo</strong></span> 
     </span>
     <span class='ocr_line' id='line_1_5' title="bbox 221 490 1342 534; baseline 0 -12"><span class='ocrx_word' id='word_1_27' title='bbox 221 491 291 532; x_wconf 87' lang='lat' dir='ltr'><strong>quis</strong></span> <span class='ocrx_word' id='word_1_28' title='bbox 324 492 376 522; x_wconf 76' lang='grc' dir='ltr'><strong>τὸν</strong></span> <span class='ocrx_word' id='word_1_29' title='bbox 410 490 490 527; x_wconf 69' lang='grc' dir='ltr'><strong><em>ἥττω</em></strong></span> <span class='ocrx_word' id='word_1_30' title='bbox 516 490 609 528; x_wconf 63' lang='grc' dir='ltr'><strong>λέγω</strong></span> <span class='ocrx_word' id='word_1_31' title='bbox 640 491 767 529; x_wconf 62' lang='grc' dir='ltr'><strong>κρείττω</strong></span> <span class='ocrx_word' id='word_1_32' title='bbox 792 496 889 522; x_wconf 58' lang='lat' dir='ltr'><strong>:reich</strong></span> <span class='ocrx_word' id='word_1_33' title='bbox 926 491 1064 530; x_wconf 73' lang='lat' dir='ltr'><strong>student3</strong></span> <span class='ocrx_word' id='word_1_34' title='bbox 1100 502 1206 534; x_wconf 85' lang='lat' dir='ltr'><strong>nempe</strong></span> <span class='ocrx_word' id='word_1_35' title='bbox 1242 492 1342 523; x_wconf 80' lang='lat' dir='ltr'><strong>inson-</strong></span> 
     </span>
     <span class='ocr_line' id='line_1_6' title="bbox 222 550 1340 594; baseline 0.001 -12"><span class='ocrx_word' id='word_1_36' title='bbox 222 554 282 582; x_wconf 83' lang='lat' dir='ltr'><strong>tem</strong></span> <span class='ocrx_word' id='word_1_37' title='bbox 307 550 403 582; x_wconf 84' lang='lat' dir='ltr'><strong>videri</strong></span> <span class='ocrx_word' id='word_1_38' title='bbox 427 562 513 588; x_wconf 89' lang='lat' dir='ltr'><strong>eum,</strong></span> <span class='ocrx_word' id='word_1_39' title='bbox 539 551 569 582; x_wconf 93' lang='lat' dir='ltr'><strong>in</strong></span> <span class='ocrx_word' id='word_1_40' title='bbox 594 552 682 583; x_wconf 85' lang='lat' dir='ltr'><strong>cuins</strong></span> <span class='ocrx_word' id='word_1_41' title='bbox 707 551 796 583; x_wconf 91' lang='lat' dir='ltr'><strong>domo</strong></span> <span class='ocrx_word' id='word_1_42' title='bbox 817 551 958 594; x_wconf 74' lang='lat' dir='ltr'><strong>mysteria</strong></span> <span class='ocrx_word' id='word_1_43' title='bbox 978 552 1185 594; x_wconf 79' lang='lat' dir='ltr'><strong>profanantur.</strong></span> <span class='ocrx_word' id='word_1_44' title='bbox 1219 551 1340 584; x_wconf 84' lang='lat' dir='ltr'><strong>Etenim</strong></span> 
     </span>
     <span class='ocr_line' id='line_1_7' title="bbox 221 610 1341 654; baseline 0.001 -12"><span class='ocrx_word' id='word_1_45' title='bbox 221 621 258 642; x_wconf 83' lang='lat' dir='ltr'><strong>ne</strong></span> <span class='ocrx_word' id='word_1_46' title='bbox 295 610 421 652; x_wconf 81' lang='lat' dir='ltr'><strong>Pulytio</strong></span> <span class='ocrx_word' id='word_1_47' title='bbox 456 610 578 652; x_wconf 90' lang='lat' dir='ltr'><strong>quidem</strong></span> <span class='ocrx_word' id='word_1_48' title='bbox 614 611 692 642; x_wconf 85' lang='lat' dir='ltr'><strong>inter</strong></span> <span class='ocrx_word' id='word_1_49' title='bbox 727 622 778 642; x_wconf 81' lang='lat' dir='ltr'><strong>cos</strong></span> <span class='ocrx_word' id='word_1_50' title='bbox 813 622 890 654; x_wconf 75' lang='lat' dir='ltr'><strong>quos</strong></span> <span class='ocrx_word' id='word_1_51' title='bbox 926 611 1157 642; x_wconf 81' lang='lat' dir='ltr'><strong>Andromachus</strong></span> <span class='ocrx_word' id='word_1_52' title='bbox 1193 611 1341 643; x_wconf 76' lang='lat' dir='ltr'><strong>indicavit</strong></span> 
     </span>
     <span class='ocr_line' id='line_1_8' title="bbox 221 670 1340 713; baseline 0 -11"><span class='ocrx_word' id='word_1_53' title='bbox 221 674 401 702; x_wconf 83' lang='lat' dir='ltr'><strong>recensetur.</strong></span> <span class='ocrx_word' id='word_1_54' title='bbox 450 670 579 710; x_wconf 87' lang='lat' dir='ltr'><strong>Verum,</strong></span> <span class='ocrx_word' id='word_1_55' title='bbox 604 671 628 702; x_wconf 84' lang='lat' dir='ltr'><strong>si</strong></span> <span class='ocrx_word' id='word_1_56' title='bbox 653 671 722 712; x_wconf 84' lang='lat' dir='ltr'><strong>quis</strong></span> <span class='ocrx_word' id='word_1_57' title='bbox 751 681 812 702; x_wconf 92' lang='lat' dir='ltr'><strong>non</strong></span> <span class='ocrx_word' id='word_1_58' title='bbox 841 670 964 712; x_wconf 82' lang='lat' dir='ltr'><strong>quidvis</strong></span> <span class='ocrx_word' id='word_1_59' title='bbox 992 670 1141 713; x_wconf 80' lang='lat' dir='ltr'><strong>explicare</strong></span> <span class='ocrx_word' id='word_1_60' title='bbox 1173 674 1264 712; x_wconf 84' lang='lat' dir='ltr'><strong>atque</strong></span> <span class='ocrx_word' id='word_1_61' title='bbox 1291 671 1340 702; x_wconf 91' lang='lat' dir='ltr'><strong>de-</strong></span> 
     </span>
     <span class='ocr_line' id='line_1_9' title="bbox 221 729 1340 772; baseline 0.001 -11"><span class='ocrx_word' id='word_1_62' title='bbox 221 729 341 761; x_wconf 81' lang='lat' dir='ltr'><strong>fendere</strong></span> <span class='ocrx_word' id='word_1_63' title='bbox 365 730 486 771; x_wconf 81' lang='lat' dir='ltr'><strong>potius,</strong></span> <span class='ocrx_word' id='word_1_64' title='bbox 512 741 602 771; x_wconf 74' lang='lat' dir='ltr'><strong>quain</strong></span> <span class='ocrx_word' id='word_1_65' title='bbox 627 730 727 761; x_wconf 79' lang='lat' dir='ltr'><strong>sobria</strong></span> <span class='ocrx_word' id='word_1_66' title='bbox 751 734 842 771; x_wconf 82' lang='lat' dir='ltr'><strong>atque</strong></span> <span class='ocrx_word' id='word_1_67' title='bbox 866 741 937 761; x_wconf 79' lang='lat' dir='ltr'><strong>sunu</strong></span> <span class='ocrx_word' id='word_1_68' title='bbox 967 734 1066 762; x_wconf 83' lang='lat' dir='ltr'><strong>mente</strong></span> <span class='ocrx_word' id='word_1_69' title='bbox 1091 730 1136 768; x_wconf 85' lang='lat' dir='ltr'><strong>id,</strong></span> <span class='ocrx_word' id='word_1_70' title='bbox 1161 730 1243 772; x_wconf 87' lang='lat' dir='ltr'><strong>quod</strong></span> <span class='ocrx_word' id='word_1_71' title='bbox 1267 730 1340 772; x_wconf 85' lang='lat' dir='ltr'><strong>legi-</strong></span> 
     </span>
     <span class='ocr_line' id='line_1_10' title="bbox 220 789 1341 832; baseline 0.001 -12"><span class='ocrx_word' id='word_1_72' title='bbox 220 791 281 828; x_wconf 88' lang='lat' dir='ltr'><strong>tur,</strong></span> <span class='ocrx_word' id='word_1_73' title='bbox 314 789 504 832; x_wconf 79' lang='lat' dir='ltr'><strong>interpretari</strong></span> <span class='ocrx_word' id='word_1_74' title='bbox 529 789 588 820; x_wconf 83' lang='lat' dir='ltr'><strong>sibi</strong></span> <span class='ocrx_word' id='word_1_75' title='bbox 613 789 802 831; x_wconf 85' lang='lat' dir='ltr'><strong>propositum</strong></span> <span class='ocrx_word' id='word_1_76' title='bbox 829 789 936 825; x_wconf 81' lang='lat' dir='ltr'><strong>habet,</strong></span> <span class='ocrx_word' id='word_1_77' title='bbox 966 800 1002 820; x_wconf 89' lang='lat' dir='ltr'><strong>ex</strong></span> <span class='ocrx_word' id='word_1_78' title='bbox 1030 789 1104 820; x_wconf 83' lang='lat' dir='ltr'><strong>locis</strong></span> <span class='ocrx_word' id='word_1_79' title='bbox 1128 801 1145 820; x_wconf 81' lang='lat' dir='ltr'>a</span> <span class='ocrx_word' id='word_1_80' title='bbox 1168 800 1216 821; x_wconf 85' lang='lat' dir='ltr'><strong>rne</strong></span> <span class='ocrx_word' id='word_1_81' title='bbox 1240 789 1341 821; x_wconf 73' lang='lat' dir='ltr'><strong>allatis</strong></span> 
     </span>
     <span class='ocr_line' id='line_1_11' title="bbox 222 849 1339 892; baseline 0.002 -12"><span class='ocrx_word' id='word_1_82' title='bbox 222 849 252 891; x_wconf 60' lang='grc' dir='ltr'><strong>(ᾧ</strong></span> <span class='ocrx_word' id='word_1_83' title='bbox 274 849 324 880; x_wconf 77' lang='lat'><strong>13²·</strong></span> <span class='ocrx_word' id='word_1_84' title='bbox 349 854 379 881; x_wconf 88' lang='lat' dir='ltr'><strong>et</strong></span> <span class='ocrx_word' id='word_1_85' title='bbox 403 851 421 892; x_wconf 57' lang='grc' dir='ltr'>ᾧ</span> <span class='ocrx_word' id='word_1_86' title='bbox 442 851 507 891; x_wconf 83' lang='grc'>16··)</span> <span class='ocrx_word' id='word_1_87' title='bbox 532 850 589 881; x_wconf 87' lang='lat' dir='ltr'><strong>hoc</strong></span> <span class='ocrx_word' id='word_1_88' title='bbox 608 850 723 882; x_wconf 81' lang='lat' dir='ltr'><strong>discet:</strong></span> <span class='ocrx_word' id='word_1_89' title='bbox 750 850 880 892; x_wconf 88' lang='lat' dir='ltr'><strong>primum</strong></span> <span class='ocrx_word' id='word_1_90' title='bbox 903 850 1015 892; x_wconf 83' lang='lat' dir='ltr'><strong>fugisse</strong></span> <span class='ocrx_word' id='word_1_91' title='bbox 1036 850 1245 882; x_wconf 78' lang='lat' dir='ltr'><strong>Charmidem:</strong></span> <span class='ocrx_word' id='word_1_92' title='bbox 1270 862 1339 883; x_wconf 79' lang='lat' dir='ltr'><strong>nam</strong></span> 
     </span>
     <span class='ocr_line' id='line_1_12' title="bbox 220 909 1339 953; baseline 0.002 -13"><span class='ocrx_word' id='word_1_93' title='bbox 220 909 355 950; x_wconf 79' lang='lat' dir='ltr'><strong>profecto</strong></span> <span class='ocrx_word' id='word_1_94' title='bbox 373 909 467 941; x_wconf 80' lang='lat' dir='ltr'><strong>levior</strong></span> <span class='ocrx_word' id='word_1_95' title='bbox 483 910 574 941; x_wconf 80' lang='lat' dir='ltr'><strong>etiam</strong></span> <span class='ocrx_word' id='word_1_96' title='bbox 593 909 726 952; x_wconf 79' lang='lat' dir='ltr'><strong>suspicio</strong></span> <span class='ocrx_word' id='word_1_97' title='bbox 742 910 823 941; x_wconf 81' lang='lat' dir='ltr'><strong>iusta</strong></span> <span class='ocrx_word' id='word_1_98' title='bbox 842 910 904 941; x_wconf 82' lang='lat' dir='ltr'><strong>illis</strong></span> <span class='ocrx_word' id='word_1_99' title='bbox 921 909 1108 951; x_wconf 82' lang='lat' dir='ltr'><strong>temporibus</strong></span> <span class='ocrx_word' id='word_1_100' title='bbox 1123 914 1187 941; x_wconf 81' lang='lat' dir='ltr'><strong>emt</strong></span> <span class='ocrx_word' id='word_1_101' title='bbox 1203 909 1339 953; x_wconf 79' lang='lat' dir='ltr'><strong>fugiendi</strong></span> 
     </span>
     <span class='ocr_line' id='line_1_13' title="bbox 219 968 1340 1012; baseline 0.002 -13"><span class='ocrx_word' id='word_1_102' title='bbox 219 978 324 1006; x_wconf 71' lang='lat' dir='ltr'><strong>causa,</strong></span> <span class='ocrx_word' id='word_1_103' title='bbox 348 979 438 1010; x_wconf 80' lang='lat' dir='ltr'><strong>quam</strong></span> <span class='ocrx_word' id='word_1_104' title='bbox 462 969 487 999; x_wconf 83' lang='lat' dir='ltr'><strong>si</strong></span> <span class='ocrx_word' id='word_1_105' title='bbox 512 968 581 1010; x_wconf 88' lang='lat' dir='ltr'><strong>quis</strong></span> <span class='ocrx_word' id='word_1_106' title='bbox 604 968 831 1000; x_wconf 80' lang='lat' dir='ltr'><strong>insimularetur</strong></span> <span class='ocrx_word' id='word_1_107' title='bbox 853 969 979 1000; x_wconf 90' lang='lat' dir='ltr'><strong>domum</strong></span> <span class='ocrx_word' id='word_1_108' title='bbox 1004 980 1088 1000; x_wconf 79' lang='lat' dir='ltr'><strong>suam</strong></span> <span class='ocrx_word' id='word_1_109' title='bbox 1124 969 1234 1012; x_wconf 81' lang='lat' dir='ltr'><strong>impiae</strong></span> <span class='ocrx_word' id='word_1_110' title='bbox 1258 980 1340 1012; x_wconf 85' lang='lat' dir='ltr'><strong>mys-</strong></span> 
     </span>
     <span class='ocr_line' id='line_1_14' title="bbox 220 1027 1339 1070; baseline 0.002 -12"><span class='ocrx_word' id='word_1_111' title='bbox 220 1027 364 1059; x_wconf 83' lang='lat' dir='ltr'><strong>teriorum</strong></span> <span class='ocrx_word' id='word_1_112' title='bbox 389 1027 532 1059; x_wconf 81' lang='lat' dir='ltr'><strong>derisioni</strong></span> <span class='ocrx_word' id='word_1_113' title='bbox 560 1027 742 1070; x_wconf 80' lang='lat' dir='ltr'><strong>praebuisse.</strong></span> <span class='ocrx_word' id='word_1_114' title='bbox 790 1028 908 1060; x_wconf 80' lang='lat' dir='ltr'><strong>Deinde</strong></span> <span class='ocrx_word' id='word_1_115' title='bbox 931 1039 966 1060; x_wconf 78' lang='lat' dir='ltr'><strong>ea</strong></span> <span class='ocrx_word' id='word_1_116' title='bbox 989 1039 1066 1070; x_wconf 83' lang='lat' dir='ltr'><strong>quae</strong></span> <span class='ocrx_word' id='word_1_117' title='bbox 1092 1033 1193 1060; x_wconf 74' lang='lat' dir='ltr'><strong>orator</strong></span> <span class='ocrx_word' id='word_1_118' title='bbox 1215 1029 1252 1061; x_wconf 87' lang='lat' dir='ltr'><strong>de</strong></span> <span class='ocrx_word' id='word_1_119' title='bbox 1277 1029 1339 1060; x_wconf 91' lang='lat' dir='ltr'><strong>Pu-</strong></span> 
     </span>
     <span class='ocr_line' id='line_1_15' title="bbox 220 1086 1340 1130; baseline 0.002 -12"><span class='ocrx_word' id='word_1_120' title='bbox 220 1086 334 1128; x_wconf 75' lang='lat' dir='ltr'><strong>lytione</strong></span> <span class='ocrx_word' id='word_1_121' title='bbox 368 1090 398 1118; x_wconf 89' lang='lat' dir='ltr'><strong>et</strong></span> <span class='ocrx_word' id='word_1_122' title='bbox 434 1086 592 1118; x_wconf 74' lang='lat' dir='ltr'><strong>Alcibiade</strong></span> <span class='ocrx_word' id='word_1_123' title='bbox 624 1088 641 1129; x_wconf 61' lang='grc' dir='ltr'><strong>ξ</strong></span> <span class='ocrx_word' id='word_1_124' title='bbox 668 1088 720 1118; x_wconf 79' lang='grc'><strong>13“·</strong></span> <span class='ocrx_word' id='word_1_125' title='bbox 753 1091 853 1118; x_wconf 78' lang='lat' dir='ltr'><strong>narrat</strong></span> <span class='ocrx_word' id='word_1_126' title='bbox 884 1098 920 1119; x_wconf 84' lang='lat' dir='ltr'><strong>ex</strong></span> <span class='ocrx_word' id='word_1_127' title='bbox 962 1088 1082 1127; x_wconf 80' lang='lat' dir='ltr'><strong>eadem,</strong></span> <span class='ocrx_word' id='word_1_128' title='bbox 1120 1099 1211 1129; x_wconf 80' lang='lat' dir='ltr'><strong>quam</strong></span> <span class='ocrx_word' id='word_1_129' title='bbox 1249 1099 1340 1130; x_wconf 74' lang='lat' dir='ltr'><strong>supra</strong></span> 
     </span>
     <span class='ocr_line' id='line_1_16' title="bbox 219 1145 1336 1189; baseline 0.001 -12"><span class='ocrx_word' id='word_1_130' title='bbox 219 1145 370 1185; x_wconf 76' lang='lat' dir='ltr'><strong>indicavi,</strong></span> <span class='ocrx_word' id='word_1_131' title='bbox 395 1145 511 1178; x_wconf 79' lang='lat' dir='ltr'><strong>incuria</strong></span> <span class='ocrx_word' id='word_1_132' title='bbox 532 1146 727 1188; x_wconf 81' lang='lat' dir='ltr'><strong>profluxisse;</strong></span> <span class='ocrx_word' id='word_1_133' title='bbox 753 1157 820 1178; x_wconf 80' lang='lat' dir='ltr'><strong>vera</strong></span> <span class='ocrx_word' id='word_1_134' title='bbox 839 1157 904 1178; x_wconf 80' lang='lat' dir='ltr'><strong>esse</strong></span> <span class='ocrx_word' id='word_1_135' title='bbox 923 1158 1000 1189; x_wconf 80' lang='lat' dir='ltr'><strong>quae</strong></span> <span class='ocrx_word' id='word_1_136' title='bbox 1020 1147 1052 1179; x_wconf 87' lang='lat' dir='ltr'><strong>in</strong></span> <span class='ocrx_word' id='word_1_137' title='bbox 1071 1146 1208 1179; x_wconf 78' lang='lat' dir='ltr'><strong>Thessali</strong></span> <span class='ocrx_word' id='word_1_138' title='bbox 1229 1148 1336 1186; x_wconf 69' lang='grc' dir='ltr'><strong><em>εἶςκγ-</em></strong></span> 
     </span>
     <span class='ocr_line' id='line_1_17' title="bbox 218 1205 1337 1249; baseline 0.003 -12"><span class='ocrx_word' id='word_1_139' title='bbox 218 1205 314 1246; x_wconf 75' lang='grc' dir='ltr'><strong><em>γελίςι</em></strong></span> <span class='ocrx_word' id='word_1_140' title='bbox 347 1206 491 1248; x_wconf 88' lang='lat' dir='ltr'><strong>leguntur</strong></span> <span class='ocrx_word' id='word_1_141' title='bbox 524 1206 605 1248; x_wconf 83' lang='lat' dir='ltr'><strong>apud</strong></span> <span class='ocrx_word' id='word_1_142' title='bbox 635 1206 836 1239; x_wconf 80' lang='lat' dir='ltr'><strong>Plutarchum</strong></span> <span class='ocrx_word' id='word_1_143' title='bbox 865 1207 895 1238; x_wconf 92' lang='lat' dir='ltr'><strong>in</strong></span> <span class='ocrx_word' id='word_1_144' title='bbox 934 1207 1003 1240; x_wconf 80' lang='lat' dir='ltr'><strong>Alo.</strong></span> <span class='ocrx_word' id='word_1_145' title='bbox 1036 1219 1062 1239; x_wconf 89' lang='lat' dir='ltr'><strong>c.</strong></span> <span class='ocrx_word' id='word_1_146' title='bbox 1087 1209 1145 1247; x_wconf 73' lang='lat'><strong>223</strong></span> <span class='ocrx_word' id='word_1_147' title='bbox 1177 1207 1337 1249; x_wconf 89' lang='lat' dir='ltr'><strong>locumque</strong></span> 
     </span>
     <span class='ocr_line' id='line_1_18' title="bbox 220 1265 1336 1310; baseline 0.002 -13"><span class='ocrx_word' id='word_1_148' title='bbox 220 1265 431 1297; x_wconf 82' lang='lat' dir='ltr'><strong>Andocideum</strong></span> <span class='ocrx_word' id='word_1_149' title='bbox 455 1269 517 1297; x_wconf 80' lang='lat' dir='ltr'><strong>tam</strong></span> <span class='ocrx_word' id='word_1_150' title='bbox 546 1277 610 1298; x_wconf 82' lang='lat' dir='ltr'><strong>esse</strong></span> <span class='ocrx_word' id='word_1_151' title='bbox 642 1266 824 1309; x_wconf 82' lang='lat' dir='ltr'><strong>suspicionis</strong></span> <span class='ocrx_word' id='word_1_152' title='bbox 855 1266 977 1309; x_wconf 88' lang='lat' dir='ltr'><strong>plenum</strong></span> <span class='ocrx_word' id='word_1_153' title='bbox 1011 1271 1061 1306; x_wconf 86' lang='lat' dir='ltr'><strong>ut,</strong></span> <span class='ocrx_word' id='word_1_154' title='bbox 1087 1267 1111 1298; x_wconf 84' lang='lat' dir='ltr'><strong>si</strong></span> <span class='ocrx_word' id='word_1_155' title='bbox 1140 1267 1210 1310; x_wconf 81' lang='lat' dir='ltr'><strong>quis</strong></span> <span class='ocrx_word' id='word_1_156' title='bbox 1237 1271 1336 1299; x_wconf 81' lang='lat' dir='ltr'><strong>tamen</strong></span> 
     </span>
     <span class='ocr_line' id='line_1_19' title="bbox 218 1324 1336 1368; baseline 0.002 -12"><span class='ocrx_word' id='word_1_157' title='bbox 218 1324 369 1367; x_wconf 88' lang='lat' dir='ltr'><strong>duplicem</strong></span> <span class='ocrx_word' id='word_1_158' title='bbox 406 1324 489 1357; x_wconf 73' lang='lat' dir='ltr'><strong>illam</strong></span> <span class='ocrx_word' id='word_1_159' title='bbox 527 1324 784 1368; x_wconf 83' lang='lat' dir='ltr'><strong>subscriptionem</strong></span> <span class='ocrx_word' id='word_1_160' title='bbox 820 1325 947 1368; x_wconf 87' lang='lat' dir='ltr'><strong>probet,</strong></span> <span class='ocrx_word' id='word_1_161' title='bbox 985 1336 1075 1367; x_wconf 86' lang='lat' dir='ltr'><strong>quam</strong></span> <span class='ocrx_word' id='word_1_162' title='bbox 1101 1325 1273 1368; x_wconf 74' lang='lat' dir='ltr'><strong>Droysenus</strong></span> <span class='ocrx_word' id='word_1_163' title='bbox 1298 1327 1336 1368; x_wconf 87' lang='lat'><strong>¹),</strong></span> 
     </span>
     <span class='ocr_line' id='line_1_20' title="bbox 218 1383 1336 1429; baseline 0.003 -14"><span class='ocrx_word' id='word_1_164' title='bbox 218 1383 433 1427; x_wconf 76' lang='lat' dir='ltr'><strong>plaudentibus</strong></span> <span class='ocrx_word' id='word_1_165' title='bbox 465 1384 540 1416; x_wconf 84' lang='lat' dir='ltr'><strong>viris</strong></span> <span class='ocrx_word' id='word_1_166' title='bbox 571 1384 685 1424; x_wconf 82' lang='lat' dir='ltr'><strong>doctis,</strong></span> <span class='ocrx_word' id='word_1_167' title='bbox 719 1385 922 1427; x_wconf 78' lang='lat' dir='ltr'><strong>excogitavit,</strong></span> <span class='ocrx_word' id='word_1_168' title='bbox 950 1385 994 1424; x_wconf 87' lang='lat' dir='ltr'><strong>is,</strong></span> <span class='ocrx_word' id='word_1_169' title='bbox 1027 1386 1052 1416; x_wconf 88' lang='lat' dir='ltr'><strong>si</strong></span> <span class='ocrx_word' id='word_1_170' title='bbox 1080 1389 1160 1418; x_wconf 83' lang='lat' dir='ltr'><strong>recte</strong></span> <span class='ocrx_word' id='word_1_171' title='bbox 1184 1397 1246 1418; x_wconf 86' lang='lat' dir='ltr'><strong>rem</strong></span> <span class='ocrx_word' id='word_1_172' title='bbox 1271 1397 1336 1429; x_wconf 90' lang='lat' dir='ltr'><strong>per-</strong></span> 
     </span>
     <span class='ocr_line' id='line_1_21' title="bbox 219 1443 990 1486; baseline 0 -11"><span class='ocrx_word' id='word_1_173' title='bbox 219 1443 344 1486; x_wconf 80' lang='lat' dir='ltr'><strong>spicias,</strong></span> <span class='ocrx_word' id='word_1_174' title='bbox 370 1455 430 1476; x_wconf 91' lang='lat' dir='ltr'><strong>uno</strong></span> <span class='ocrx_word' id='word_1_175' title='bbox 454 1444 598 1476; x_wconf 68' lang='lat' dir='ltr'><strong>Isocratis</strong></span> <span class='ocrx_word' id='word_1_176' title='bbox 623 1444 800 1476; x_wconf 80' lang='lat' dir='ltr'><strong>testimonio</strong></span> <span class='ocrx_word' id='word_1_177' title='bbox 823 1444 938 1476; x_wconf 76' lang='lat' dir='ltr'><strong>nitatur</strong></span> <span class='ocrx_word' id='word_1_178' title='bbox 954 1445 990 1486; x_wconf 76' lang='lat'><strong>²).</strong></span> 
     </span>
    </p>

    <p class='ocr_par' dir='ltr' id='par_1_3' title="bbox 217 1503 1335 1664">
     <span class='ocr_line' id='line_1_22' title="bbox 265 1503 1335 1546; baseline 0.002 -12"><span class='ocrx_word' id='word_1_179' title='bbox 265 1503 324 1534; x_wconf 85' lang='lat' dir='ltr'><strong>Sed</strong></span> <span class='ocrx_word' id='word_1_180' title='bbox 361 1503 443 1545; x_wconf 88' lang='lat' dir='ltr'><strong>quod</strong></span> <span class='ocrx_word' id='word_1_181' title='bbox 479 1503 516 1535; x_wconf 83' lang='lat' dir='ltr'><strong>ad</strong></span> <span class='ocrx_word' id='word_1_182' title='bbox 540 1503 732 1535; x_wconf 79' lang='lat' dir='ltr'><strong>Charmidem</strong></span> <span class='ocrx_word' id='word_1_183' title='bbox 757 1503 882 1542; x_wconf 77' lang='lat' dir='ltr'><strong>attinet,</strong></span> <span class='ocrx_word' id='word_1_184' title='bbox 916 1503 1031 1535; x_wconf 82' lang='lat' dir='ltr'><strong>invitus</strong></span> <span class='ocrx_word' id='word_1_185' title='bbox 1056 1504 1267 1546; x_wconf 81' lang='lat' dir='ltr'><strong>homonymiae</strong></span> <span class='ocrx_word' id='word_1_186' title='bbox 1291 1515 1335 1536; x_wconf 83' lang='lat' dir='ltr'><strong>ar-</strong></span> 
     </span>
     <span class='ocr_line' id='line_1_23' title="bbox 219 1563 1334 1605; baseline 0.001 -11"><span class='ocrx_word' id='word_1_187' title='bbox 219 1566 398 1603; x_wconf 79' lang='lat' dir='ltr'><strong>gumentum</strong></span> <span class='ocrx_word' id='word_1_188' title='bbox 424 1563 563 1605; x_wconf 78' lang='lat' dir='ltr'><strong>probem,</strong></span> <span class='ocrx_word' id='word_1_189' title='bbox 589 1563 780 1605; x_wconf 86' lang='lat' dir='ltr'><strong>prioremque</strong></span> <span class='ocrx_word' id='word_1_190' title='bbox 800 1563 887 1595; x_wconf 91' lang='lat' dir='ltr'><strong>illum</strong></span> <span class='ocrx_word' id='word_1_191' title='bbox 916 1574 943 1595; x_wconf 90' lang='lat' dir='ltr'><strong>c.</strong></span> <span class='ocrx_word' id='word_1_192' title='bbox 964 1573 1009 1605; x_wconf 84' lang='lat' dir='ltr'><strong>gr.</strong></span> <span class='ocrx_word' id='word_1_193' title='bbox 1041 1563 1208 1594; x_wconf 75' lang='lat' dir='ltr'><strong>Glauconis</strong></span> <span class='ocrx_word' id='word_1_194' title='bbox 1238 1564 1334 1596; x_wconf 79' lang='lat' dir='ltr'><strong>filium</strong></span> 
     </span>
     <span class='ocr_line' id='line_1_24' title="bbox 217 1621 1334 1664; baseline 0.004 -12"><span class='ocrx_word' id='word_1_195' title='bbox 217 1621 310 1652; x_wconf 78' lang='lat' dir='ltr'><strong>fuisse</strong></span> <span class='ocrx_word' id='word_1_196' title='bbox 342 1622 513 1654; x_wconf 76' lang='lat' dir='ltr'><strong>concedam.</strong></span> <span class='ocrx_word' id='word_1_197' title='bbox 549 1622 744 1664; x_wconf 77' lang='lat' dir='ltr'><strong>Quamquam</strong></span> <span class='ocrx_word' id='word_1_198' title='bbox 777 1633 836 1654; x_wconf 90' lang='lat' dir='ltr'><strong>non</strong></span> <span class='ocrx_word' id='word_1_199' title='bbox 861 1622 936 1654; x_wconf 88' lang='lat' dir='ltr'><strong>levis</strong></span> <span class='ocrx_word' id='word_1_200' title='bbox 961 1627 1006 1654; x_wconf 84' lang='lat' dir='ltr'><strong>est</strong></span> <span class='ocrx_word' id='word_1_201' title='bbox 1030 1623 1162 1662; x_wconf 78' lang='lat' dir='ltr'><strong>incuria,</strong></span> <span class='ocrx_word' id='word_1_202' title='bbox 1188 1624 1219 1655; x_wconf 89' lang='lat' dir='ltr'><strong>in</strong></span> <span class='ocrx_word' id='word_1_203' title='bbox 1243 1623 1334 1656; x_wconf 74' lang='lat' dir='ltr'><strong>altero</strong></span> 
     </span>
    </p>
   </div>
   <div class='ocr_carea' id='block_1_3' title="bbox 216 1793 1333 2092">
    <p class='ocr_par' dir='ltr' id='par_1_4' title="bbox 252 1793 654 1829">
     <span class='ocr_line' id='line_1_25' title="bbox 252 1793 654 1829; baseline 0 -9"><span class='ocrx_word' id='word_1_204' title='bbox 252 1794 272 1827; x_wconf 93' lang='lat'><strong>¹)</strong></span> <span class='ocrx_word' id='word_1_205' title='bbox 301 1793 372 1820; x_wconf 79' lang='lat' dir='ltr'><strong>Mus.</strong></span> <span class='ocrx_word' id='word_1_206' title='bbox 392 1793 478 1820; x_wconf 86' lang='lat' dir='ltr'><strong>Rhcn.</strong></span> <span class='ocrx_word' id='word_1_207' title='bbox 498 1793 547 1821; x_wconf 87' lang='lat' dir='ltr'><strong>lv.</strong></span> <span class='ocrx_word' id='word_1_208' title='bbox 567 1803 591 1829; x_wconf 89' lang='lat' dir='ltr'><strong>p.</strong></span> <span class='ocrx_word' id='word_1_209' title='bbox 612 1795 654 1820; x_wconf 83' lang='lat'><strong>38.</strong></span> 
     </span>
    </p>

    <p class='ocr_par' dir='ltr' id='par_1_5' title="bbox 216 1835 1333 2000">
     <span class='ocr_line' id='line_1_26' title="bbox 251 1835 1333 1874; baseline 0.003 -12"><span class='ocrx_word' id='word_1_210' title='bbox 251 1837 271 1870; x_wconf 90' lang='grc'>’-’)</span> <span class='ocrx_word' id='word_1_211' title='bbox 302 1835 341 1862; x_wconf 87' lang='lat' dir='ltr'><strong>De</strong></span> <span class='ocrx_word' id='word_1_212' title='bbox 360 1835 505 1872; x_wconf 69' lang='lat' dir='ltr'><strong>Pulytionc</strong></span> <span class='ocrx_word' id='word_1_213' title='bbox 524 1836 572 1863; x_wconf 92' lang='lat' dir='ltr'><strong>hoc</strong></span> <span class='ocrx_word' id='word_1_214' title='bbox 591 1845 695 1872; x_wconf 82' lang='lat' dir='ltr'><strong>quoquc</strong></span> <span class='ocrx_word' id='word_1_215' title='bbox 715 1837 908 1864; x_wconf 71' lang='lat' dir='ltr'><strong>observandum</strong></span> <span class='ocrx_word' id='word_1_216' title='bbox 929 1841 983 1870; x_wconf 71' lang='lat' dir='ltr'><strong>est,</strong></span> <span class='ocrx_word' id='word_1_217' title='bbox 1003 1847 1062 1864; x_wconf 88' lang='lat' dir='ltr'><strong>cum</strong></span> <span class='ocrx_word' id='word_1_218' title='bbox 1082 1838 1173 1872; x_wconf 79' lang='lat' dir='ltr'><strong>uliqnn</strong></span> <span class='ocrx_word' id='word_1_219' title='bbox 1192 1838 1333 1874; x_wconf 74' lang='lat' dir='ltr'><strong>probabili·</strong></span> 
     </span>
     <span class='ocr_line' id='line_1_27' title="bbox 217 1877 1333 1914; baseline 0.003 -10"><span class='ocrx_word' id='word_1_220' title='bbox 217 1880 270 1904; x_wconf 73' lang='lat' dir='ltr'><strong>tute</strong></span> <span class='ocrx_word' id='word_1_221' title='bbox 300 1886 314 1904; x_wconf 88' lang='lat' dir='ltr'><strong>c</strong></span> <span class='ocrx_word' id='word_1_222' title='bbox 341 1877 488 1913; x_wconf 72' lang='lat' dir='ltr'><strong>fragmento</strong></span> <span class='ocrx_word' id='word_1_223' title='bbox 512 1878 677 1905; x_wconf 76' lang='lat' dir='ltr'><strong>l‘herccratis</strong></span> <span class='ocrx_word' id='word_1_224' title='bbox 701 1878 772 1914; x_wconf 76' lang='lat' dir='ltr'><strong>apud</strong></span> <span class='ocrx_word' id='word_1_225' title='bbox 798 1878 924 1906; x_wconf 73' lang='lat' dir='ltr'><strong>Photium</strong></span> <span class='ocrx_word' id='word_1_226' title='bbox 951 1879 1086 1914; x_wconf 74' lang='lat' dir='ltr'><strong>(Meincke</strong></span> <span class='ocrx_word' id='word_1_227' title='bbox 1112 1879 1154 1912; x_wconf 85' lang='lat' dir='ltr'><strong>II,</strong></span> <span class='ocrx_word' id='word_1_228' title='bbox 1179 1881 1242 1914; x_wconf 72' lang='lat'>278)</span> <span class='ocrx_word' id='word_1_229' title='bbox 1268 1881 1333 1908; x_wconf 81' lang='lat' dir='ltr'><strong>ellici</strong></span> 
     </span>
     <span class='ocr_line' id='line_1_28' title="bbox 218 1920 1333 1959; baseline 0.004 -13"><span class='ocrx_word' id='word_1_230' title='bbox 218 1929 306 1956; x_wconf 84' lang='lat' dir='ltr'><strong>posse,</strong></span> <span class='ocrx_word' id='word_1_231' title='bbox 330 1920 355 1947; x_wconf 83' lang='lat' dir='ltr'><strong>ci</strong></span> <span class='ocrx_word' id='word_1_232' title='bbox 381 1920 544 1956; x_wconf 75' lang='lat' dir='ltr'><strong>impietatem</strong></span> <span class='ocrx_word' id='word_1_233' title='bbox 571 1931 623 1949; x_wconf 90' lang='lat' dir='ltr'><strong>non</strong></span> <span class='ocrx_word' id='word_1_234' title='bbox 647 1921 754 1957; x_wconf 84' lang='lat' dir='ltr'><strong>impune</strong></span> <span class='ocrx_word' id='word_1_235' title='bbox 778 1921 883 1950; x_wconf 77' lang='lat' dir='ltr'><strong>abiisse.</strong></span> <span class='ocrx_word' id='word_1_236' title='bbox 916 1922 994 1949; x_wconf 71' lang='lat' dir='ltr'><strong>Certe</strong></span> <span class='ocrx_word' id='word_1_237' title='bbox 1017 1922 1108 1959; x_wconf 76' lang='lat' dir='ltr'><strong>aliquo</strong></span> <span class='ocrx_word' id='word_1_238' title='bbox 1126 1932 1189 1950; x_wconf 71' lang='lat' dir='ltr'><strong>casu</strong></span> <span class='ocrx_word' id='word_1_239' title='bbox 1209 1923 1333 1951; x_wconf 75' lang='lat' dir='ltr'><strong>afflictum</strong></span> 
     </span>
     <span class='ocr_line' id='line_1_29' title="bbox 216 1962 691 2000; baseline 0 -9"><span class='ocrx_word' id='word_1_240' title='bbox 216 1972 273 1991; x_wconf 74' lang='lat' dir='ltr'><strong>csse</strong></span> <span class='ocrx_word' id='word_1_241' title='bbox 293 1962 423 1990; x_wconf 82' lang='lat' dir='ltr'><strong>hominem</strong></span> <span class='ocrx_word' id='word_1_242' title='bbox 443 1966 552 2000; x_wconf 72' lang='lat' dir='ltr'><strong>apparet</strong></span> <span class='ocrx_word' id='word_1_243' title='bbox 571 1974 584 1991; x_wconf 87' lang='lat' dir='ltr'><strong>e</strong></span> <span class='ocrx_word' id='word_1_244' title='bbox 604 1964 691 1991; x_wconf 83' lang='lat' dir='ltr'><strong>verbis</strong></span> 
     </span>
    </p>

    <p class='ocr_par' dir='ltr' id='par_1_6' title="bbox 484 2009 1054 2092">
     <span class='ocr_line' id='line_1_30' title="bbox 733 2009 1052 2046; baseline 0.006 -10"><span class='ocrx_word' id='word_1_245' title='bbox 733 2009 788 2046; x_wconf 68' lang='grc' dir='ltr'><strong>οὐχ</strong></span> <span class='ocrx_word' id='word_1_246' title='bbox 812 2010 872 2044; x_wconf 68' lang='grc' dir='ltr'><strong>ἐρᾷς</strong></span> <span class='ocrx_word' id='word_1_247' title='bbox 894 2014 943 2041; x_wconf 73' lang='grc' dir='ltr'><strong>τῆν</strong></span> <span class='ocrx_word' id='word_1_248' title='bbox 965 2010 1052 2038; x_wconf 64' lang='lat' dir='ltr'><strong>aluiz-2</strong></span> 
     </span>
     <span class='ocr_line' id='line_1_31' title="bbox 484 2057 1054 2092; baseline 0.005 -9"><span class='ocrx_word' id='word_1_249' title='bbox 484 2059 534 2087; x_wconf 58' lang='lat' dir='ltr'><strong>‘rim</strong></span> <span class='ocrx_word' id='word_1_250' title='bbox 557 2059 748 2089; x_wconf 64' lang='grc' dir='ltr'><strong>Πουλυτίωνος</strong></span> <span class='ocrx_word' id='word_1_251' title='bbox 770 2060 894 2091; x_wconf 68' lang='grc' dir='ltr'><strong>κειμένην</strong></span> <span class='ocrx_word' id='word_1_252' title='bbox 913 2057 1054 2092; x_wconf 62' lang='grc' dir='ltr'><strong>ὑπέβαλον</strong></span> 
     </span>
    </p>
   </div>
   <div class='ocr_carea' id='block_1_4' title="bbox 252 2100 1330 2140">
    <p class='ocr_par' dir='ltr' id='par_1_7' title="bbox 252 2100 1330 2140">
     <span class='ocr_line' id='line_1_32' title="bbox 252 2100 1330 2140; baseline 0.004 -11"><span class='ocrx_word' id='word_1_253' title='bbox 252 2101 292 2130; x_wconf 75' lang='lat' dir='ltr'><strong>Cf.</strong></span> <span class='ocrx_word' id='word_1_254' title='bbox 308 2100 406 2129; x_wconf 71' lang='lat' dir='ltr'><strong>Mulier</strong></span> <span class='ocrx_word' id='word_1_255' title='bbox 415 2100 556 2137; x_wconf 74' lang='lat' dir='ltr'><strong>Striibing:</strong></span> <span class='ocrx_word' id='word_1_256' title='bbox 574 2103 743 2138; x_wconf 75' lang='lat' dir='ltr'><strong>l’rotagorcu,</strong></span> <span class='ocrx_word' id='word_1_257' title='bbox 755 2103 781 2130; x_wconf 89' lang='lat' dir='ltr'><strong>iu</strong></span> <span class='ocrx_word' id='word_1_258' title='bbox 792 2103 954 2131; x_wconf 63' lang='lat' dir='ltr'><strong>Fleckcioeni</strong></span> <span class='ocrx_word' id='word_1_259' title='bbox 965 2103 1113 2132; x_wconf 72' lang='lat' dir='ltr'><strong>Annalibus</strong></span> <span class='ocrx_word' id='word_1_260' title='bbox 1124 2104 1176 2132; x_wconf 89' lang='lat' dir='ltr'><strong>vol.</strong></span> <span class='ocrx_word' id='word_1_261' title='bbox 1190 2105 1238 2132; x_wconf 73' lang='lat'><strong>121</strong></span> <span class='ocrx_word' id='word_1_262' title='bbox 1250 2114 1275 2140; x_wconf 81' lang='lat' dir='ltr'><strong>p.</strong></span> <span class='ocrx_word' id='word_1_263' title='bbox 1288 2107 1330 2133; x_wconf 75' lang='grc'><strong>99.</strong></span> 
     </span>
    </p>
   </div>
  </div>
 </body>
</html>
