1536 2526
666 165 706 194 47

128 271 255 304 debebat
278 283 339 304 non
362 273 469 312 solvit,
494 276 525 304 et
548 273 644 315 igitur
666 283 703 304 ex
727 273 863 314 antiquis
890 272 1010 316 legibus
1041 271 1156 312 ἀτιμίᾳ
1183 275 1249 303 erat

128 330 304 373 plectendus
336 333 366 374 (§
388 333 441 364 92²
467 332 542 374 sq.);
573 332 707 370 Meleto,
739 332 791 374 qui
822 332 967 364 Leontem
1000 332 1130 371 occidit,
1161 331 1250 363 cuius

129 400 230 422 necem
244 391 396 423 vindicare
407 395 438 423 et
452 391 556 423 ulcisci
570 394 693 434 propter
709 390 872 422 oblivionis
886 391 981 434 legem
995 391 1099 423 liberis
1111 391 1177 423 eius
1189 401 1249 422 non

128 448 218 489 licet,
245 451 275 492 (ᾗ
295 451 378 492 94²);
402 450 562 493 Epichari,
595 450 647 491 qui
674 449 730 481 sub
755 450 1014 492 trigintavirorum
1042 450 1249 482 dominatione

129 508 340 551 magistratum
365 509 477 551 gessit,
502 513 533 541 et
556 521 645 551 ergo,
669 509 695 541 si
719 509 892 542 etiamnunc
913 510 1027 542 valeret
1051 510 1098 541 lex
1127 509 1250 541 Solonis

128 570 158 599 et
180 567 386 611 Demopbanti
410 570 589 608 ψήφισμα,
621 569 746 612 impune
777 568 814 600 ab
845 580 1030 611 unoquoque
1058 572 1176 612 poterat
1199 579 1249 600 oc-

128 626 199 659 cidi.
246 627 296 659 Sic
321 639 352 660 se
375 639 422 660 res
445 628 588 668 haberet,
611 628 636 659 si
658 640 718 660 non
735 628 811 660 latae
829 632 928 660 essent
949 639 1044 660 novae
1063 628 1128 660 illae
1152 628 1248 671 leges:

129 698 209 719 nunc
245 699 314 720 vero
347 688 509 720 adversarii
542 689 599 720 mei
629 699 661 720 se
690 688 824 727 iactant,
858 688 946 729 quasi
981 687 1073 719 etiam
1109 687 1140 719 in
1175 686 1249 719 urbe

129 750 287 789 regnarent
312 747 506 789 trigintaviri.
541 748 786 790 §vv—102⁸&

173 806 238 838 Has
266 809 367 839 autem
398 817 492 838 novas
520 806 600 849 leges
631 807 689 838 nisi
714 806 929 845 vindicabitis,
961 806 1108 849 improbis
1132 806 1247 838 delato-

128 877 193 898 rum
217 866 333 898 artibus
361 866 441 898 viam
465 865 626 908 aperietis,
650 869 681 898 ct
704 870 805 898 actum
829 866 886 898 erit
917 866 954 898 de
985 865 1098 898 civium
1127 866 1190 897 otio
1218 870 1247 897 ct

130 927 303 959 securitate.
351 926 389 958 Et
423 926 538 968 optime
572 937 604 958 se
635 926 701 958 illne
736 926 817 968 leges
855 926 983 965 habent,
1019 937 1096 967 quae
1132 925 1246 957 civium

127 989 264 1028 spectant
288 985 499 1018 concordiam:
534 985 621 1017 testis
651 985 692 1017 sit
714 985 857 1025 historia,
881 988 974 1018 testes
998 986 1060 1017 sint
1086 985 1189 1027 proavi
1218 988 1247 1016 et

128 1045 186 1077 mei
209 1048 240 1078 et
262 1046 356 1078 vestri
380 1046 527 1078 omnium.
562 1046 580 1087 ᾧ
599 1046 828 1078 103“--109““’.

172 1163 209 1196 In
245 1164 300 1196 hac
335 1167 432 1207 parte,
457 1176 535 1206 quae
566 1167 612 1196 est
643 1166 695 1207 αξ
724 1165 776 1197 70“
803 1175 900 1206 usque
931 1165 969 1197 ad
1000 1165 1119 1204 Hom,
1143 1164 1248 1197 insunt

128 1223 291 1266 quaedam,
315 1235 391 1266 quae
415 1236 432 1256 a
456 1224 531 1256 viris
555 1224 652 1256 doctis
675 1227 748 1256 sunt
771 1224 962 1267 reprehensa.

175 1283 398 1316 Lubentissime
423 1284 570 1316 assentior
594 1284 750 1326 Droyseno
775 1284 898 1324 minori,
924 1284 953 1315 in
979 1284 1190 1316 dissertatione
1211 1284 1248 1316 de

127 1343 351 1386 Demophanti,
387 1343 539 1376 Tisameni
575 1348 605 1376 et
639 1343 821 1376 Patroclidis
851 1344 956 1386 populi
991 1344 1068 1376 scito
1101 1344 1247 1376 statuenti

129 1403 146 1444 ξ
171 1404 224 1434 96“
248 1406 316 1445 post
329 1403 420 1434 verba
444 1404 501 1435 καί
517 1415 568 1442 μοι
589 1403 744 1442 ἀνάγνωθι
763 1405 816 1435 τὸν
836 1404 925 1442 νόμον
937 1404 989 1435 τὸν
1005 1405 1040 1435 ἐκ
1058 1407 1114 1440 τῆς
1128 1403 1246 1441 στήλης

129 1461 214 1494 nullo
243 1462 308 1494 iure
339 1462 543 1505 Demopbauti
574 1463 743 1506 psephisma
773 1463 850 1507 legi;
882 1463 1009 1495 scribam
1033 1463 1131 1503 enim,
1157 1475 1247 1506 quem

129 1520 307 1554 Andocides
337 1521 464 1555 recitare
496 1522 600 1561 iussit,
630 1523 727 1566 legem
756 1523 877 1556 Solonis
909 1523 1062 1556 recitasse.
1109 1523 1168 1555 Sed
1191 1523 1247 1556 mi-

129 1580 211 1613 nime
234 1581 310 1613 mihi
335 1592 440 1614 verum
466 1582 576 1615 vidisse
599 1582 680 1615 idem
698 1583 745 1615 vir
765 1583 872 1615 doctus
891 1583 1013 1615 videtur
1033 1582 1107 1615 haec
1119 1582 1246 1615 addens:

131 1641 244 1681 „Quod
262 1653 326 1674 eam
344 1642 448 1675 attulit
466 1643 645 1685 Epicharem
660 1646 693 1675 ut
712 1645 882 1683 accusaret,
908 1643 1056 1676 maximae
1081 1642 1248 1675 Andocidis

85 1693 88 1695 ’
130 1699 265 1733 levitatis
288 1706 334 1735 est
357 1702 584 1742 testimonium;
609 1713 678 1734 nam
702 1701 864 1735 oblivionis
889 1703 973 1746 lege,
998 1714 1035 1734 ne
1060 1702 1128 1745 quis
1149 1713 1248 1735 rerum

131 1763 200 1792 ante
234 1760 368 1791 actarum
401 1761 592 1791 accusaretur
626 1770 699 1791 neve
732 1759 926 1798 multaretur,
958 1769 1080 1802 prorsus
1109 1759 1248 1801 neglecta

131 1819 169 1852 ad
199 1830 264 1852 eam
294 1818 414 1851 Solonis
436 1819 546 1862 legem,
571 1830 664 1861 quam
687 1819 833 1851 amnestia
856 1819 935 1851 facta
957 1818 996 1850 ad
1019 1821 1138 1861 tempus
1161 1817 1248 1850 abro-

131 1881 295 1923 gaverunt,
327 1878 421 1918 redit3
453 1890 552 1922 neque
581 1879 786 1922 Demophanti
816 1878 912 1922 ipsius
943 1878 1133 1921 psephisma,
1165 1877 1249 1920 quod

130 1939 211 1972 idem
236 1939 381 1972 amnestia
404 1938 583 1982 abrogatum
606 1942 670 1977 est,
693 1949 790 1981 neque
818 1938 1010 1977 restitutum,
1035 1937 1118 1980 quod
1141 1936 1180 1969 ad
1202 1948 1249 1970 res

131 2002 200 2032 ante
234 1999 426 2043 popularium
457 1999 587 2032 reditum
619 2001 718 2041 goetas
748 2009 808 2031 non
841 1997 1011 2041 spectabat,
1035 1998 1139 2030 afferre
1161 1996 1248 2030 licuit

132 2058 320 2094 Andocidi.’'
