1536 2526
753 215 795 245 38

265 319 330 351 Iam
360 321 417 352 hoe
444 321 524 353 haud
555 321 755 364 spernendum
793 321 868 353 mihi
900 324 946 353 est
979 321 1175 364 praesidium,
1209 320 1289 363 quod
1315 332 1332 353 e

224 377 320 410 tribus
347 379 552 420 orationibus,
583 391 660 421 quae
680 380 847 412 Audocidis
870 391 978 412 nomen
999 391 1069 423 prae
1092 391 1123 412 se
1147 380 1264 419 ferunt,
1286 397 1331 404 —-

225 447 293 469 nam
318 441 455 479 quartam
487 439 570 471 illam
593 450 654 471 non
685 451 783 471 moror
811 458 864 479 —,
895 439 931 471 de
961 450 1021 471 una
1043 442 1160 471 tantum
1184 438 1251 478 περὶ
1274 442 1329 475 τῆς

223 496 298 536 πρὸς
330 498 593 536 Λακεδαιμονίους
625 499 740 538 εἰρήνης
776 510 793 530 a
828 498 979 531 veteribus
1013 498 1125 530 criticis
1158 498 1330 530 dubitatum

225 558 288 594 est,
312 567 347 588 ea
368 560 468 589 autem
495 557 605 589 nostris
628 557 812 600 temporibus
840 557 1028 599 gravissimis
1055 557 1242 599 argumentis
1268 558 1332 588 An-

226 614 326 646 docidi
370 618 416 647 cst
449 616 611 648 vindicata.
669 616 816 658 Inspiciat
861 616 949 648 modo
987 616 1055 657 quis
1089 627 1167 658 quae
1196 615 1332 647 Cobetus

227 674 258 705 in
296 673 396 705 Variis
427 674 624 706 Lectionibus
657 675 776 717 scripsit
804 686 833 717 p.
868 676 930 706 556
960 685 1042 716 sqq.;
1072 685 1145 706 num
1179 673 1334 706 dubitabit

225 732 299 773 quin
331 733 496 765 Aeschines
523 745 559 765 ex
591 733 641 765 illa
671 734 806 765 oratione
831 745 886 765 sua
909 733 1071 765 sumserit?
1117 733 1157 764 Et
1181 733 1248 775 quis
1271 743 1333 765 cre-

224 790 278 822 dat
304 791 525 824 nobilissimum
549 797 695 825 oratorem
726 793 811 835 pueri
840 792 995 824 cuiusdam
1023 803 1039 824 e
1062 792 1164 824 schola
1187 791 1334 824 Isocrates

223 850 334 882 scrinia
357 851 557 894 compilasse?
604 851 722 884 Primus
750 852 806 883 hoc
835 851 1005 884 observavit
1035 851 1208 893 Kruegerus
1237 861 1334 892 neque

224 910 339 942 omittit
363 911 518 949 Blassius,
541 912 593 953 qui
618 916 768 954 praeterea
791 911 829 943 de
857 914 922 943 tota
945 910 1079 942 oratione
1106 910 1149 942 ita
1179 910 1333 953 disputet,

226 973 260 1001 ut
284 970 361 1001 nihil
385 970 455 1002 addi
478 971 585 1013 possit.

271 1028 337 1060 Iam
360 1029 396 1060 de
423 1029 611 1061 orationibus
636 1029 703 1068 περὶ
729 1032 784 1064 τῆς
817 1029 928 1060 ἑαυτοῦ
959 1028 1085 1060 καθόδου
1115 1032 1146 1061 et
1177 1028 1244 1068 περ)
1276 1031 1335 1060 τῶν

227 1088 400 1128 μυστηρίων
431 1088 474 1119 ita
505 1089 640 1130 disputat
671 1087 824 1127 Naberus,
861 1091 894 1119 ut
929 1088 1084 1120 ostendere
1111 1092 1247 1127 conetur,
1275 1098 1336 1119 non

226 1158 315 1190 posse
342 1151 499 1188 utramque
523 1147 688 1178 orationem
712 1158 776 1178 esse
796 1147 976 1189 genuinam,
1007 1147 1059 1178 sed
1083 1147 1131 1178 vel
1162 1147 1337 1178 alterutram

228 1207 277 1238 vel
303 1210 460 1248 utramque
485 1206 652 1238 Andocidis
676 1217 785 1238 nomen
809 1206 958 1237 ementiri.
1005 1205 1122 1237 Deinde
1145 1205 1176 1236 in
1202 1204 1338 1237 Mnemo-

229 1278 302 1309 syne
326 1266 368 1297 ita
391 1265 505 1308 pergit,
531 1269 565 1297 ut
588 1265 688 1296 omnia
715 1265 839 1307 colligat
862 1268 1052 1306 argumenta,
1085 1263 1195 1306 quibus
1217 1264 1339 1296 demon-

231 1328 322 1364 stret,
347 1325 512 1357 orationem
537 1325 574 1356 de
597 1324 697 1356 reditu
723 1336 780 1355 nou
804 1335 868 1355 esse
893 1324 1109 1356 Andocideam.
1155 1323 1221 1355 Iam
1245 1334 1340 1365 quum

231 1387 320 1416 antea
342 1384 507 1416 orationem
531 1383 568 1414 de
596 1383 745 1425 mysteriis
770 1383 920 1415 Andocidi
945 1383 1182 1422 abiudicaverit,
1213 1393 1275 1414 rem
1306 1393 1342 1414 eo

231 1443 369 1483 deducit,
395 1447 430 1475 ut
452 1443 528 1475 nihil
551 1442 639 1474 nobis
663 1442 828 1484 relinquat,
853 1442 934 1484 quod
959 1442 1167 1474 Andocideum
1192 1453 1259 1473 vere
1282 1441 1343 1473 dici

233 1503 338 1546 possit.
373 1503 452 1535 Mihi
477 1514 546 1534 vero
569 1502 670 1534 omnia
692 1502 744 1533 illa
767 1505 958 1544 argumenta,
983 1501 1094 1543 quibus
1116 1500 1257 1532 Naberus
1279 1511 1344 1532 ora-

235 1563 347 1594 tionem
371 1562 408 1593 de
430 1561 530 1593 reditu
555 1562 723 1603 impugnat,
750 1561 870 1592 minime
892 1561 1033 1593 videntur
1048 1561 1114 1592 eius
1133 1560 1250 1603 generis
1263 1571 1344 1599 esse,

237 1632 313 1663 quae
347 1631 465 1652 causam
501 1620 577 1651 tanti
614 1620 757 1651 momenti
793 1620 964 1652 conficiant.
1010 1619 1158 1651 Delibabo
1188 1631 1204 1651 e
1238 1630 1345 1662 magna

237 1680 325 1723 copia
348 1690 442 1712 unum
467 1680 665 1720 alterumque.

285 1739 480 1778 ''Absurdum
504 1742 549 1770 est
576 1749 654 1770 anno
677 1749 703 1770 a.
728 1738 798 1770 Chr.
826 1749 855 1770 n.
879 1739 960 1777 410,
985 1749 1053 1769 nam
1078 1738 1174 1769 oratio
1198 1741 1267 1769 ante
1290 1737 1347 1769 hoc

240 1803 360 1841 tempus
377 1809 436 1830 non
461 1801 560 1840 potest
583 1797 684 1829 habita
709 1808 788 1835 esse,
812 1798 922 1839 fingere
946 1797 1004 1828 sibi
1025 1797 1194 1836 auditores,
1219 1807 1347 1838 quorum

240 1857 293 1899 qui
319 1857 440 1899 quidem
464 1856 663 1898 provectiores
691 1860 789 1887 essent
813 1855 1040 1887 recordarentur
1072 1855 1223 1887 Pisistrati
1250 1859 1349 1897 tyran-

241 1915 375 1949 nidem.''
425 1914 594 1947 Absurdum
620 1915 676 1946 hoo
698 1926 761 1946 esse
786 1925 873 1946 nemo
896 1914 1036 1957 negabit;
1068 1914 1118 1945 scd
1150 1915 1175 1946 si
1201 1914 1351 1947 Isocrates

242 1975 324 2006 hunc
357 1985 485 2006 errorem
524 1974 673 2016 discipulo
707 1985 760 2005 suo
792 1984 852 2005 non
883 1974 980 2006 solum
1015 1973 1214 2013 condonavit,
1246 1984 1349 2006 verum

243 2034 334 2065 etiam
366 2036 460 2064 totam
491 2032 656 2063 orationem
688 2033 732 2063 sic
756 2032 913 2074 probavit,
945 2035 980 2063 nt
1010 2032 1147 2064 ederetur
1174 2033 1204 2064 in
1236 2033 1351 2072 lucem,

243 2092 350 2133 quidni
376 2091 548 2124 Andocides
571 2091 697 2123 eundem
725 2103 851 2123 errorem
877 2091 978 2133 potuit
1001 2092 1209 2124 committere?
1240 2091 1352 2124 Verum
