1630 2597
522 904 605 934 ¹'I'ute
625 905 673 931 hoc
694 903 806 934 intristi,
826 901 874 928 tibi
894 903 994 927 omnest
1016 897 1205 926 excdcudum.”

174 1116 263 1148 Viros
293 1116 416 1155 doctos,
449 1127 576 1158 quorum
607 1116 639 1146 in
663 1126 768 1146 manus
793 1115 842 1146 hic
866 1113 988 1146 libellus
1012 1116 1158 1144 venturus
1180 1114 1242 1150 est,

128 1176 247 1207 tametsi
280 1176 317 1207 ad
348 1175 405 1207 alia
436 1175 538 1207 omniu
567 1178 744 1217 properant,
777 1173 833 1205 hoc
865 1184 954 1215 rogo,
988 1176 1021 1203 ut
1051 1182 1111 1203 non
1142 1170 1241 1202 solum

128 1234 253 1266 titulum
285 1234 471 1277 adspiciunt,
503 1233 554 1265 sed
583 1238 613 1265 et
639 1233 739 1275 „squod
763 1233 909 1275 scriptum
934 1230 1000 1263 cst'‘
1026 1230 1138 1273 legant.
1174 1229 1244 1261 Per-

128 1294 257 1325 multum
282 1293 361 1326 enim
388 1303 492 1325 vereor
515 1304 551 1324 ne
576 1293 658 1335 quis,
683 1293 772 1324 titulo
792 1292 880 1324 modo
901 1291 1060 1333 adspecto,
1085 1288 1240 1327 libellum,

127 1357 162 1386 ut
193 1353 246 1396 qni
277 1353 348 1385 novi
377 1353 454 1385 nihil
478 1354 582 1385 afferre
605 1352 717 1395 possit,
742 1351 865 1383 abiiciat
888 1362 903 1383 e
928 1349 1075 1382 manibus.
1111 1349 1151 1380 Et
1176 1359 1241 1391 pro·

126 1413 206 1445 fecto
238 1413 269 1444 in
300 1424 368 1445 eum
400 1413 500 1444 locum
532 1412 686 1444 Historiae
716 1411 886 1453 Antiquae,
919 1411 955 1442 de
986 1420 1047 1451 quo
1071 1420 1151 1441 nunc
1174 1419 1241 1440 sum

127 1472 352 1515 disputaturus,
376 1473 435 1504 iam
459 1475 505 1503 tot
529 1472 585 1504 viri
609 1471 691 1504 docti
717 1475 801 1503 tanta
831 1469 979 1502 industria
1003 1473 1146 1510 tantaque
1169 1468 1240 1500 (loc-

126 1531 224 1564 trinae
265 1531 352 1574 eopia
391 1531 633 1573 inquisiverunt,
669 1534 704 1562 ut
738 1531 795 1562 hoc
829 1530 934 1572 procul
969 1528 1060 1561 dubio
1094 1529 1240 1560 affirmare

125 1590 231 1630 liceat,
263 1601 460 1632 quaeeunque
492 1594 604 1622 veteres
633 1590 794 1633 scriptores
824 1589 862 1622 de
891 1601 925 1622 ea
955 1601 986 1621 re
1009 1589 1198 1621 tradiderunt
1221 1601 1238 1620 a

126 1648 343 1681 recentioribus
374 1660 439 1681 esse
466 1654 623 1692 congesta,
653 1661 816 1692 omnesque
846 1650 943 1681 fontes
967 1649 1046 1681 unde
1070 1649 1179 1681 notitia
1203 1649 1240 1682 de

127 1719 218 1740 causa
248 1708 462 1740 obscurissima
485 1709 585 1752 colligi
610 1710 720 1752 possit,
753 1709 840 1752 plane
864 1720 927 1741 esse
950 1709 1122 1741 exhaustos.
1158 1708 1242 1749 Quid

127 1768 238 1799 mirum
262 1771 361 1800 autem
391 1768 423 1800 in
447 1771 530 1800 tanta
553 1772 674 1810 tamque
701 1769 818 1801 diversa
842 1769 966 1801 materia
990 1769 1159 1812 colligenda
1182 1769 1241 1801 dis-

128 1827 325 1869 ponenduque
353 1827 445 1860 alium
479 1828 537 1860 alio
568 1829 657 1860 modo
689 1840 800 1861 errasse
827 1833 858 1861 et
881 1840 897 1861 a
922 1840 991 1861 vera
1014 1828 1239 1861 demonstrandi

128 1885 177 1918 via
201 1885 383 1919 declinasse?
419 1887 489 1919 Nisi
514 1887 670 1928 fecissent,
702 1900 761 1920 non
785 1892 868 1921 tanta
893 1889 1067 1922 etiamnunc
1090 1893 1170 1921 esset
1195 1890 1241 1921 iu—

126 1944 275 1977 diciorum
307 1945 523 1989 discrepantia,
556 1947 608 1979 sed
639 1951 691 1979 aut
715 1959 776 1987 res,
802 1959 878 1990 quae
901 1948 954 1981 diu
977 1949 1100 1981 nebulis
1120 1950 1241 1982 obtecta

128 2004 239 2043 fuerat,
269 2004 300 2036 in
329 2005 407 2037 clara
435 2006 501 2044 luce
532 2010 610 2039 esset
638 2008 750 2050 posita,
780 2012 833 2040 aut
862 2019 966 2040 omnes
995 2009 1026 2040 in
1055 2009 1111 2041 lioc
1135 2010 1240 2042 saltem

128 2063 346 2103 consentirent,
382 2065 521 2098 inutilem
557 2077 620 2098 esse
655 2071 685 2098 et
720 2078 832 2099 vanum
868 2067 1019 2106 laborem,
1055 2069 1108 2110 qui
1145 2069 1174 2101 in
1207 2081 1241 2101 ea

129 2121 307 2155 illustranda
329 2128 506 2157 sumeretur.

1052 2189 1066 2220 1
