1536 2526
675 173 714 202 55

140 277 214 308 nihil
237 276 383 316 detraxit,
415 277 466 308 sed
495 277 576 309 ultro
609 278 714 320 populi
744 277 931 320 suspiciones
961 276 1036 308 aluit
1059 279 1091 307 et
1113 274 1253 307 corrobo-

139 336 229 368 ravit.
275 334 363 375 Quae
385 336 465 367 enim
491 340 605 375 narrat,
637 337 738 368 omnia
769 336 921 378 pertinent
953 335 990 367 ad
1014 334 1176 367 factionem
1201 345 1253 365 no-

139 394 264 434 bilium;
289 405 389 426 eorum
414 394 503 426 verba
527 395 710 438 oligarchica
740 395 865 427 consilia
889 395 1036 434 innuunt,
1067 394 1151 426 velut
1183 393 1255 425 haec

138 464 155 486 e
178 454 282 496 §63·:
315 453 354 485 σὺ
377 453 482 492 μέντοι
508 455 533 486 εἱ
557 454 614 492 μὲν
637 454 735 492 ἀξιοῖς
761 453 896 493 ἦσυχίκν
922 453 1007 493 ἔχειν
1036 453 1088 484 καὶ
1117 455 1253 491 σιωπᾶν,

138 511 217 551 ἕξεις
249 514 333 551 ἡμᾶς
368 513 556 550 ἐπιτηδείους
583 513 679 553 ὥςπερ
706 513 758 545 xxi
786 513 940 553 πρότερον·
969 513 993 544 εἱ
1028 513 1058 544 δὲ
1092 512 1154 550 μή,
1189 524 1252 551 χαι-

138 572 306 611 amah-epol
333 584 377 604 σοι
416 574 506 611 ἡμεῖς
542 573 641 613 ἐχθροὶ
672 572 804 611 ἐσόμεθα
830 574 847 610 ἢ
873 572 966 604 ἄλλοι
991 572 1069 606 τινὲς
1102 571 1139 603 δι’
1167 573 1252 609 ἡμᾶς

137 632 236 671 cpiam.
285 632 384 672 Quam
408 632 527 674 egregie
551 632 624 664 haec
646 633 829 664 conveniunt
852 643 921 664 cum
944 631 1134 674 Thucydide,
1160 642 1251 672 quam

138 691 296 733 perspicua
332 702 412 722 nunc
449 692 526 722 fiunt
561 691 627 723 eius
652 691 742 723 verba
772 691 862 723 modo
894 691 996 723 citata.
1042 689 1176 722 Tandem
1201 690 1253 722 ali-

139 749 260 792 quando
285 750 486 782 Athenienses
509 761 567 782 non
597 750 694 782 solum
722 750 835 793 patriae
863 750 931 781 illos
963 749 1088 781 infestos
1119 749 1253 791 prodito-

138 820 198 849 res,
234 808 287 841 sed
315 809 405 840 etiam
443 809 538 851 ipsam
571 809 773 852 proditionem
809 809 946 841 manibus
981 809 1140 847 tenebant;
1175 820 1254 850 quae

137 868 227 900 anxio
261 868 363 900 animo
402 868 548 910 suspicati
585 872 686 906 erant,
724 879 758 900 ea
793 880 824 899 se
860 879 919 899 non
959 870 1069 899 temere
1109 867 1253 899 metuisse

138 937 218 959 nunc
249 931 330 958 certo
361 926 506 959 sciebant.
553 927 716 969 Quumque
747 927 806 958 iam
842 930 1009 964 constaret,
1045 930 1160 958 ceteros
1193 926 1250 958 sibi

138 987 195 1018 hoc
230 986 419 1029 propositum
456 985 612 1026 habuisse,
647 990 682 1018 ut
713 990 826 1018 statum
862 986 1035 1028 popularem
1066 990 1251 1025 everterent,

137 1049 251 1087 quanto
275 1045 370 1088 magis
394 1044 473 1076 idem
498 1045 626 1077 voluisse
646 1045 832 1077 Alcibiadem
857 1048 1090 1076 consentaneum
1115 1049 1194 1083 erat,
1221 1045 1252 1076 in

138 1115 227 1146 quem
258 1104 318 1135 iam
348 1104 386 1136 ab
418 1104 507 1136 initio
538 1103 653 1136 civium
685 1107 800 1136 mentes
830 1108 916 1135 erant
947 1114 1123 1143 conversae,
1155 1107 1187 1136 et
1219 1104 1250 1136 in

138 1174 227 1204 quem
251 1174 332 1195 nunc
354 1162 421 1199 ἕλος
452 1163 464 1194 o'
490 1163 584 1202 δῆμος
610 1163 696 1203 ἐρρύη
720 1163 909 1204 σχολάζοντι
935 1164 977 1202 τῷ
1002 1163 1096 1201 θυμῷ.

182 1281 248 1313 lam
272 1280 310 1313 ad
334 1282 423 1314 finem
448 1283 580 1325 perveni.
627 1282 697 1315 Uno
724 1283 860 1325 exemplo
891 1282 1027 1320 ostendi,
1058 1281 1250 1324 quemadmo-

138 1340 210 1372 dum
233 1340 376 1383 legendus
399 1341 439 1373 sit
462 1341 672 1384 Thucydides,
695 1346 727 1374 et
746 1353 822 1384 quae
847 1342 887 1373 sit
916 1342 946 1373 in
977 1341 1064 1373 rebus
1096 1341 1250 1373 historicis

138 1403 290 1431 oratorum
333 1399 415 1432 fides.
475 1400 545 1440 Qua
580 1402 611 1432 in
648 1413 679 1434 re
712 1402 737 1433 si
773 1401 907 1444 probatis
943 1400 1096 1433 iudicibus
1127 1411 1250 1442 operam

139 1470 234 1490 meam
258 1458 436 1501 probaverO,
461 1460 586 1502 posthac
609 1461 714 1493 eodem
733 1461 859 1493 consilio
876 1461 952 1493 alios
970 1471 1090 1502 quoque
1108 1460 1249 1492 historiae

139 1518 262 1550 Atticae
286 1517 367 1550 locos
391 1519 535 1552 tractabo.

247 1684 568 1713 Imonum-Banvonux
588 1684 612 1712 d.
632 1692 678 1711 xv1
699 1694 731 1712 m.
751 1684 826 1711 Maii.
