<?xml version="1.0" encoding="UTF-8"?>
<!DOCTYPE html PUBLIC "-//W3C//DTD XHTML 1.0 Transitional//EN"
    "http://www.w3.org/TR/xhtml1/DTD/xhtml1-transitional.dtd">
<html xmlns="http://www.w3.org/1999/xhtml" xml:lang="en" lang="en">
 <head>
  <title>
</title>
<meta http-equiv="Content-Type" content="text/html;charset=utf-8" />
  <meta name='ocr-system' content='tesseract 3.04.00' />
  <meta name='ocr-capabilities' content='ocr_page ocr_carea ocr_par ocr_line ocrx_word'/>
</head>
<body>
  <div class='ocr_page' id='page_1' title='image "./dehermocopidarum00hart_0034.png"; bbox 0 0 1536 2526; ppageno 0'>
   <div class='ocr_carea' id='block_1_1' title="bbox 754 233 793 263">
    <p class='ocr_par' dir='ltr' id='par_1_1' title="bbox 754 233 793 263">
     <span class='ocr_line' id='line_1_1' title="bbox 754 233 793 263; baseline -0.026 0"><span class='ocrx_word' id='word_1_1' title='bbox 754 233 793 263; x_wconf 80' lang='lat'><strong>20</strong></span> 
     </span>
    </p>
   </div>
   <div class='ocr_carea' id='block_1_2' title="bbox 219 338 1339 1564">
    <p class='ocr_par' dir='ltr' id='par_1_2' title="bbox 219 338 1335 1207">
     <span class='ocr_line' id='line_1_2' title="bbox 225 338 1332 382; baseline 0.002 -12"><span class='ocrx_word' id='word_1_2' title='bbox 225 349 316 370; x_wconf 89' lang='lat' dir='ltr'><strong>unum</strong></span> <span class='ocrx_word' id='word_1_3' title='bbox 352 338 482 370; x_wconf 78' lang='lat' dir='ltr'><strong>sufficiat</strong></span> <span class='ocrx_word' id='word_1_4' title='bbox 516 339 685 378; x_wconf 78' lang='lat' dir='ltr'><strong>monuisse,</strong></span> <span class='ocrx_word' id='word_1_5' title='bbox 722 350 825 371; x_wconf 88' lang='lat' dir='ltr'><strong>omnes</strong></span> <span class='ocrx_word' id='word_1_6' title='bbox 860 341 980 371; x_wconf 72' lang='lat' dir='ltr'><strong>nomina</strong></span> <span class='ocrx_word' id='word_1_7' title='bbox 1008 340 1059 371; x_wconf 81' lang='lat' dir='ltr'><strong>inn</strong></span> <span class='ocrx_word' id='word_1_8' title='bbox 1090 351 1224 378; x_wconf 85' lang='lat' dir='ltr'><strong>reorum,</strong></span> <span class='ocrx_word' id='word_1_9' title='bbox 1256 351 1332 382; x_wconf 80' lang='lat' dir='ltr'><strong>quae</strong></span> 
     </span>
     <span class='ocr_line' id='line_1_3' title="bbox 221 396 1332 440; baseline 0.003 -12"><span class='ocrx_word' id='word_1_10' title='bbox 221 396 301 439; x_wconf 78' lang='lat' dir='ltr'><strong>apud</strong></span> <span class='ocrx_word' id='word_1_11' title='bbox 327 397 514 429; x_wconf 75' lang='lat' dir='ltr'>Andocidem</span> <span class='ocrx_word' id='word_1_12' title='bbox 539 397 690 440; x_wconf 78' lang='lat' dir='ltr'><strong>leguntur,</strong></span> <span class='ocrx_word' id='word_1_13' title='bbox 721 397 800 429; x_wconf 80' lang='lat' dir='ltr'><strong>bono</strong></span> <span class='ocrx_word' id='word_1_14' title='bbox 827 398 885 430; x_wconf 87' lang='lat' dir='ltr'><strong>fide</strong></span> <span class='ocrx_word' id='word_1_15' title='bbox 909 402 940 430; x_wconf 88' lang='lat' dir='ltr'><strong>et</strong></span> <span class='ocrx_word' id='word_1_16' title='bbox 964 399 1039 430; x_wconf 88' lang='lat' dir='ltr'><strong>nihil</strong></span> <span class='ocrx_word' id='word_1_17' title='bbox 1063 398 1236 431; x_wconf 67' lang='lat' dir='ltr'><strong>dubitantes</strong></span> <span class='ocrx_word' id='word_1_18' title='bbox 1260 400 1332 431; x_wconf 83' lang='lat' dir='ltr'><strong>reci-</strong></span> 
     </span>
     <span class='ocr_line' id='line_1_4' title="bbox 222 456 1332 500; baseline 0.001 -13"><span class='ocrx_word' id='word_1_19' title='bbox 222 467 300 498; x_wconf 84' lang='lat' dir='ltr'><strong>pere.</strong></span> <span class='ocrx_word' id='word_1_20' title='bbox 347 456 431 496; x_wconf 81' lang='lat' dir='ltr'><strong>Quin</strong></span> <span class='ocrx_word' id='word_1_21' title='bbox 455 457 544 488; x_wconf 83' lang='lat' dir='ltr'><strong>ctiam</strong></span> <span class='ocrx_word' id='word_1_22' title='bbox 570 457 612 488; x_wconf 77' lang='lat' dir='ltr'><strong>ito</strong></span> <span class='ocrx_word' id='word_1_23' title='bbox 636 468 666 488; x_wconf 76' lang='lat' dir='ltr'><strong>se</strong></span> <span class='ocrx_word' id='word_1_24' title='bbox 690 457 715 488; x_wconf 90' lang='lat' dir='ltr'><strong>ei</strong></span> <span class='ocrx_word' id='word_1_25' title='bbox 741 457 871 496; x_wconf 86' lang='lat' dir='ltr'><strong>dedunt,</strong></span> <span class='ocrx_word' id='word_1_26' title='bbox 901 462 934 489; x_wconf 90' lang='lat' dir='ltr'><strong>ut</strong></span> <span class='ocrx_word' id='word_1_27' title='bbox 961 462 992 489; x_wconf 85' lang='lat' dir='ltr'><strong>et</strong></span> <span class='ocrx_word' id='word_1_28' title='bbox 1018 458 1054 489; x_wconf 89' lang='lat' dir='ltr'><strong>de</strong></span> <span class='ocrx_word' id='word_1_29' title='bbox 1075 458 1129 494; x_wconf 75' lang='lat' dir='ltr'><strong>iis,</strong></span> <span class='ocrx_word' id='word_1_30' title='bbox 1157 458 1193 489; x_wconf 89' lang='lat' dir='ltr'><strong>de</strong></span> <span class='ocrx_word' id='word_1_31' title='bbox 1220 458 1332 500; x_wconf 82' lang='lat' dir='ltr'><strong>quibus</strong></span> 
     </span>
     <span class='ocr_line' id='line_1_5' title="bbox 223 515 1332 560; baseline 0.003 -14"><span class='ocrx_word' id='word_1_32' title='bbox 223 526 311 547; x_wconf 87' lang='lat' dir='ltr'><strong>nemo</strong></span> <span class='ocrx_word' id='word_1_33' title='bbox 336 515 500 557; x_wconf 80' lang='lat' dir='ltr'>quidquam</span> <span class='ocrx_word' id='word_1_34' title='bbox 525 516 600 547; x_wconf 81' lang='lat' dir='ltr'><strong>scire</strong></span> <span class='ocrx_word' id='word_1_35' title='bbox 625 520 741 558; x_wconf 82' lang='lat' dir='ltr'><strong>potest,</strong></span> <span class='ocrx_word' id='word_1_36' title='bbox 766 517 898 558; x_wconf 77' lang='lat' dir='ltr'><strong>graviter</strong></span> <span class='ocrx_word' id='word_1_37' title='bbox 921 521 949 548; x_wconf 83' lang='lat' dir='ltr'><strong>et</strong></span> <span class='ocrx_word' id='word_1_38' title='bbox 970 517 1056 548; x_wconf 83' lang='lat' dir='ltr'><strong>docte</strong></span> <span class='ocrx_word' id='word_1_39' title='bbox 1085 517 1258 560; x_wconf 81' lang='lat' dir='ltr'><strong>disputent,</strong></span> <span class='ocrx_word' id='word_1_40' title='bbox 1285 521 1332 555; x_wconf 85' lang='lat' dir='ltr'><strong>et,</strong></span> 
     </span>
     <span class='ocr_line' id='line_1_6' title="bbox 220 573 1332 618; baseline 0.001 -13"><span class='ocrx_word' id='word_1_41' title='bbox 220 573 317 605; x_wconf 80' lang='lat' dir='ltr'>sicubi</span> <span class='ocrx_word' id='word_1_42' title='bbox 342 586 450 606; x_wconf 84' lang='lat' dir='ltr'><strong>nomen</strong></span> <span class='ocrx_word' id='word_1_43' title='bbox 475 575 629 606; x_wconf 80' lang='lat' dir='ltr'><strong>cuiusdam</strong></span> <span class='ocrx_word' id='word_1_44' title='bbox 655 575 828 617; x_wconf 77' lang='lat' dir='ltr'><strong>reperiatur,</strong></span> <span class='ocrx_word' id='word_1_45' title='bbox 853 576 906 616; x_wconf 95' lang='lat' dir='ltr'><strong>qui</strong></span> <span class='ocrx_word' id='word_1_46' title='bbox 928 587 987 607; x_wconf 87' lang='lat' dir='ltr'><strong>nou</strong></span> <span class='ocrx_word' id='word_1_47' title='bbox 1010 576 1068 608; x_wconf 79' lang='lat' dir='ltr'><strong>suit</strong></span> <span class='ocrx_word' id='word_1_48' title='bbox 1087 576 1164 608; x_wconf 84' lang='lat' dir='ltr'><strong>inter</strong></span> <span class='ocrx_word' id='word_1_49' title='bbox 1184 576 1214 608; x_wconf 84' lang='lat' dir='ltr'><strong>id</strong></span> <span class='ocrx_word' id='word_1_50' title='bbox 1237 587 1332 618; x_wconf 83' lang='lat' dir='ltr'><strong>genus</strong></span> 
     </span>
     <span class='ocr_line' id='line_1_7' title="bbox 221 632 1333 675; baseline 0.003 -12"><span class='ocrx_word' id='word_1_51' title='bbox 221 632 394 672; x_wconf 88' lang='lat' dir='ltr'><strong>hominum,</strong></span> <span class='ocrx_word' id='word_1_52' title='bbox 420 645 495 675; x_wconf 92' lang='lat' dir='ltr'><strong>quos</strong></span> <span class='ocrx_word' id='word_1_53' title='bbox 520 633 644 675; x_wconf 77' lang='lat' dir='ltr'><strong>probare</strong></span> <span class='ocrx_word' id='word_1_54' title='bbox 667 633 792 665; x_wconf 77' lang='lat' dir='ltr'><strong>student</strong></span> <span class='ocrx_word' id='word_1_55' title='bbox 811 634 992 666; x_wconf 83' lang='lat' dir='ltr'><strong>iudiciorum</strong></span> <span class='ocrx_word' id='word_1_56' title='bbox 1010 635 1047 666; x_wconf 86' lang='lat' dir='ltr'><strong>de</strong></span> <span class='ocrx_word' id='word_1_57' title='bbox 1070 646 1101 666; x_wconf 87' lang='lat' dir='ltr'><strong>re</strong></span> <span class='ocrx_word' id='word_1_58' title='bbox 1121 646 1204 666; x_wconf 77' lang='lat' dir='ltr'><strong>sacra</strong></span> <span class='ocrx_word' id='word_1_59' title='bbox 1222 635 1333 667; x_wconf 76' lang='lat' dir='ltr'><strong>violata</strong></span> 
     </span>
     <span class='ocr_line' id='line_1_8' title="bbox 220 691 1334 735; baseline 0.003 -13"><span class='ocrx_word' id='word_1_60' title='bbox 220 691 358 723; x_wconf 75' lang='lat' dir='ltr'><strong>victimas</strong></span> <span class='ocrx_word' id='word_1_61' title='bbox 395 692 502 731; x_wconf 82' lang='lat' dir='ltr'><strong>fuisse,</strong></span> <span class='ocrx_word' id='word_1_62' title='bbox 539 692 715 729; x_wconf 61' lang='grc' dir='ltr'><strong><em>ὁμωνυμίας</em></strong></span> <span class='ocrx_word' id='word_1_63' title='bbox 755 693 888 735; x_wconf 81' lang='lat' dir='ltr'><strong>fingant,</strong></span> <span class='ocrx_word' id='word_1_64' title='bbox 931 693 1002 725; x_wconf 86' lang='lat' dir='ltr'><strong>huic</strong></span> <span class='ocrx_word' id='word_1_65' title='bbox 1041 693 1154 725; x_wconf 83' lang='lat' dir='ltr'><strong>scilicet</strong></span> <span class='ocrx_word' id='word_1_66' title='bbox 1187 693 1230 725; x_wconf 86' lang='lat' dir='ltr'><strong>rei</strong></span> <span class='ocrx_word' id='word_1_67' title='bbox 1264 697 1334 725; x_wconf 77' lang='lat' dir='ltr'><strong>ante</strong></span> 
     </span>
     <span class='ocr_line' id='line_1_9' title="bbox 219 751 1333 793; baseline 0.002 -11"><span class='ocrx_word' id='word_1_68' title='bbox 219 751 318 782; x_wconf 84' lang='lat' dir='ltr'><strong>omnin</strong></span> <span class='ocrx_word' id='word_1_69' title='bbox 342 751 473 793; x_wconf 85' lang='lat' dir='ltr'><strong>operiam</strong></span> <span class='ocrx_word' id='word_1_70' title='bbox 509 751 630 791; x_wconf 76' lang='lat' dir='ltr'><strong>dantes,</strong></span> <span class='ocrx_word' id='word_1_71' title='bbox 667 763 704 783; x_wconf 86' lang='lat' dir='ltr'><strong>ne</strong></span> <span class='ocrx_word' id='word_1_72' title='bbox 740 752 776 783; x_wconf 83' lang='lat' dir='ltr'><strong>dc</strong></span> <span class='ocrx_word' id='word_1_73' title='bbox 815 763 868 783; x_wconf 91' lang='lat' dir='ltr'><strong>suo</strong></span> <span class='ocrx_word' id='word_1_74' title='bbox 899 763 966 784; x_wconf 92' lang='lat' dir='ltr'><strong>cum</strong></span> <span class='ocrx_word' id='word_1_75' title='bbox 999 752 1155 784; x_wconf 84' lang='lat' dir='ltr'><strong>Andocide</strong></span> <span class='ocrx_word' id='word_1_76' title='bbox 1188 763 1333 784; x_wconf 84' lang='lat' dir='ltr'><strong>consensu</strong></span> 
     </span>
     <span class='ocr_line' id='line_1_10' title="bbox 220 809 1332 854; baseline 0.003 -14"><span class='ocrx_word' id='word_1_77' title='bbox 220 809 385 851; x_wconf 78' lang='lat' dir='ltr'><strong>quidquam</strong></span> <span class='ocrx_word' id='word_1_78' title='bbox 409 810 594 843; x_wconf 82' lang='lat' dir='ltr'><strong>detrahatur.</strong></span> <span class='ocrx_word' id='word_1_79' title='bbox 631 811 803 842; x_wconf 86' lang='lat' dir='ltr'>Iucundum</span> <span class='ocrx_word' id='word_1_80' title='bbox 828 815 873 843; x_wconf 89' lang='lat' dir='ltr'><strong>est</strong></span> <span class='ocrx_word' id='word_1_81' title='bbox 898 811 1080 843; x_wconf 85' lang='lat' dir='ltr'><strong>Roscherum</strong></span> <span class='ocrx_word' id='word_1_82' title='bbox 1096 813 1119 853; x_wconf 88' lang='lat'><strong>¹)</strong></span> <span class='ocrx_word' id='word_1_83' title='bbox 1144 811 1246 843; x_wconf 88' lang='lat' dir='ltr'><strong>videre</strong></span> <span class='ocrx_word' id='word_1_84' title='bbox 1265 812 1332 854; x_wconf 82' lang='lat' dir='ltr'><strong>qui,</strong></span> 
     </span>
     <span class='ocr_line' id='line_1_11' title="bbox 220 869 1333 913; baseline 0.003 -14"><span class='ocrx_word' id='word_1_85' title='bbox 220 869 359 910; x_wconf 73' lang='lat' dir='ltr'><strong>quumvis</strong></span> <span class='ocrx_word' id='word_1_86' title='bbox 386 880 524 912; x_wconf 74' lang='lat' dir='ltr'><strong>maguam</strong></span> <span class='ocrx_word' id='word_1_87' title='bbox 553 871 582 902; x_wconf 92' lang='lat' dir='ltr'><strong>in</strong></span> <span class='ocrx_word' id='word_1_88' title='bbox 605 882 638 902; x_wconf 82' lang='lat' dir='ltr'><strong>en</strong></span> <span class='ocrx_word' id='word_1_89' title='bbox 666 881 696 901; x_wconf 87' lang='lat' dir='ltr'><strong>re</strong></span> <span class='ocrx_word' id='word_1_90' title='bbox 723 870 855 911; x_wconf 87' lang='lat' dir='ltr'><strong>undique</strong></span> <span class='ocrx_word' id='word_1_91' title='bbox 879 870 1047 902; x_wconf 83' lang='lat' dir='ltr'><strong>doctrinam</strong></span> <span class='ocrx_word' id='word_1_92' title='bbox 1072 870 1210 913; x_wconf 84' lang='lat' dir='ltr'><strong>colligat,</strong></span> <span class='ocrx_word' id='word_1_93' title='bbox 1234 875 1333 903; x_wconf 81' lang='lat' dir='ltr'><strong>tumen</strong></span> 
     </span>
     <span class='ocr_line' id='line_1_12' title="bbox 221 929 1335 972; baseline 0.003 -13"><span class='ocrx_word' id='word_1_94' title='bbox 221 939 281 959; x_wconf 90' lang='lat' dir='ltr'><strong>nou</strong></span> <span class='ocrx_word' id='word_1_95' title='bbox 306 931 405 970; x_wconf 85' lang='lat' dir='ltr'><strong>potest</strong></span> <span class='ocrx_word' id='word_1_96' title='bbox 429 929 506 960; x_wconf 80' lang='lat' dir='ltr'><strong>ultra</strong></span> <span class='ocrx_word' id='word_1_97' title='bbox 531 941 580 960; x_wconf 83' lang='lat' dir='ltr'><strong>cos</strong></span> <span class='ocrx_word' id='word_1_98' title='bbox 604 930 677 961; x_wconf 87' lang='lat' dir='ltr'><strong>fines</strong></span> <span class='ocrx_word' id='word_1_99' title='bbox 702 929 858 972; x_wconf 84' lang='lat' dir='ltr'>progredi,</span> <span class='ocrx_word' id='word_1_100' title='bbox 892 941 968 971; x_wconf 88' lang='lat' dir='ltr'><strong>quos</strong></span> <span class='ocrx_word' id='word_1_101' title='bbox 1000 930 1063 972; x_wconf 88' lang='lat' dir='ltr'><strong>ipse</strong></span> <span class='ocrx_word' id='word_1_102' title='bbox 1089 940 1205 972; x_wconf 78' lang='lat' dir='ltr'>semper</span> <span class='ocrx_word' id='word_1_103' title='bbox 1227 930 1335 972; x_wconf 87' lang='lat' dir='ltr'><strong>repeti-</strong></span> 
     </span>
     <span class='ocr_line' id='line_1_13' title="bbox 222 987 1334 1032; baseline 0.002 -13"><span class='ocrx_word' id='word_1_104' title='bbox 222 987 261 1019; x_wconf 83' lang='lat' dir='ltr'><strong>tis</strong></span> <span class='ocrx_word' id='word_1_105' title='bbox 274 987 426 1020; x_wconf 77' lang='lat' dir='ltr'><strong>vocabulis</strong></span> <span class='ocrx_word' id='word_1_106' title='bbox 448 989 532 1027; x_wconf 59' lang='lat' dir='ltr'><strong>„fieri</strong></span> <span class='ocrx_word' id='word_1_107' title='bbox 552 988 683 1030; x_wconf 79' lang='lat' dir='ltr'><strong>potest&#39;&#39;,</strong></span> <span class='ocrx_word' id='word_1_108' title='bbox 711 989 795 1027; x_wconf 60' lang='lat' dir='ltr'><strong>„veri</strong></span> <span class='ocrx_word' id='word_1_109' title='bbox 815 989 986 1028; x_wconf 82' lang='lat' dir='ltr'><strong>similiter‘&#39;,</strong></span> <span class='ocrx_word' id='word_1_110' title='bbox 1007 989 1172 1028; x_wconf 67' lang='lat' dir='ltr'><strong>„fortasse”</strong></span> <span class='ocrx_word' id='word_1_111' title='bbox 1185 988 1334 1032; x_wconf 80' lang='lat' dir='ltr'><strong>designat.</strong></span> 
     </span>
     <span class='ocr_line' id='line_1_14' title="bbox 224 1045 1335 1089; baseline 0.002 -12"><span class='ocrx_word' id='word_1_112' title='bbox 224 1045 267 1077; x_wconf 83' lang='lat' dir='ltr'><strong>Ex</strong></span> <span class='ocrx_word' id='word_1_113' title='bbox 292 1047 359 1088; x_wconf 81' lang='lat' dir='ltr'><strong>pius</strong></span> <span class='ocrx_word' id='word_1_114' title='bbox 391 1048 431 1078; x_wconf 84' lang='lat'><strong>30</strong></span> <span class='ocrx_word' id='word_1_115' title='bbox 457 1047 629 1079; x_wconf 82' lang='lat' dir='ltr'><strong>hominibus</strong></span> <span class='ocrx_word' id='word_1_116' title='bbox 662 1047 710 1078; x_wconf 87' lang='lat' dir='ltr'><strong>vix</strong></span> <span class='ocrx_word' id='word_1_117' title='bbox 744 1049 781 1079; x_wconf 87' lang='lat'><strong>10</strong></span> <span class='ocrx_word' id='word_1_118' title='bbox 806 1052 894 1087; x_wconf 87' lang='lat' dir='ltr'><strong>sunt,</strong></span> <span class='ocrx_word' id='word_1_119' title='bbox 919 1047 955 1079; x_wconf 86' lang='lat' dir='ltr'><strong>de</strong></span> <span class='ocrx_word' id='word_1_120' title='bbox 983 1048 1094 1089; x_wconf 87' lang='lat' dir='ltr'><strong>quibus</strong></span> <span class='ocrx_word' id='word_1_121' title='bbox 1117 1048 1239 1080; x_wconf 79' lang='lat' dir='ltr'>aliunde</span> <span class='ocrx_word' id='word_1_122' title='bbox 1261 1047 1335 1080; x_wconf 85' lang='lat' dir='ltr'><strong>certi</strong></span> 
     </span>
     <span class='ocr_line' id='line_1_15' title="bbox 221 1105 1334 1149; baseline 0.003 -13"><span class='ocrx_word' id='word_1_123' title='bbox 221 1105 338 1146; x_wconf 74' lang='lat' dir='ltr'><strong>aliquid</strong></span> <span class='ocrx_word' id='word_1_124' title='bbox 373 1106 523 1138; x_wconf 81' lang='lat' dir='ltr'><strong>novimus.</strong></span> <span class='ocrx_word' id='word_1_125' title='bbox 575 1106 615 1137; x_wconf 81' lang='lat' dir='ltr'><strong>Et</strong></span> <span class='ocrx_word' id='word_1_126' title='bbox 650 1117 740 1148; x_wconf 87' lang='lat' dir='ltr'><strong>quam</strong></span> <span class='ocrx_word' id='word_1_127' title='bbox 777 1117 864 1149; x_wconf 79' lang='lat' dir='ltr'><strong>saepe</strong></span> <span class='ocrx_word' id='word_1_128' title='bbox 899 1107 1070 1139; x_wconf 73' lang='lat' dir='ltr'><strong>Roselierus</strong></span> <span class='ocrx_word' id='word_1_129' title='bbox 1105 1106 1268 1139; x_wconf 76' lang='lat' dir='ltr'><strong>absurdum</strong></span> <span class='ocrx_word' id='word_1_130' title='bbox 1303 1106 1334 1138; x_wconf 87' lang='lat' dir='ltr'><strong>in</strong></span> 
     </span>
     <span class='ocr_line' id='line_1_16' title="bbox 225 1164 751 1207; baseline 0.004 -12"><span class='ocrx_word' id='word_1_131' title='bbox 225 1164 345 1196; x_wconf 90' lang='lat' dir='ltr'><strong>modum</strong></span> <span class='ocrx_word' id='word_1_132' title='bbox 371 1165 514 1197; x_wconf 79' lang='lat' dir='ltr'><strong>historiae</strong></span> <span class='ocrx_word' id='word_1_133' title='bbox 539 1165 599 1197; x_wconf 77' lang='lat' dir='ltr'><strong>vim</strong></span> <span class='ocrx_word' id='word_1_134' title='bbox 624 1166 696 1197; x_wconf 80' lang='lat' dir='ltr'><strong>facit</strong></span> <span class='ocrx_word' id='word_1_135' title='bbox 716 1167 751 1207; x_wconf 61' lang='grc' dir='ltr'><strong>Β).</strong></span> 
     </span>
    </p>

    <p class='ocr_par' dir='ltr' id='par_1_3' title="bbox 225 1223 1339 1564">
     <span class='ocr_line' id='line_1_17' title="bbox 269 1223 1336 1268; baseline 0.002 -13"><span class='ocrx_word' id='word_1_136' title='bbox 269 1223 329 1255; x_wconf 81' lang='lat' dir='ltr'><strong>Fac</strong></span> <span class='ocrx_word' id='word_1_137' title='bbox 354 1228 455 1257; x_wconf 79' lang='lat' dir='ltr'><strong>autem</strong></span> <span class='ocrx_word' id='word_1_138' title='bbox 483 1236 587 1256; x_wconf 83' lang='lat' dir='ltr'><strong>omnes</strong></span> <span class='ocrx_word' id='word_1_139' title='bbox 610 1225 694 1264; x_wconf 87' lang='lat' dir='ltr'><strong>illos,</strong></span> <span class='ocrx_word' id='word_1_140' title='bbox 727 1226 780 1267; x_wconf 89' lang='lat' dir='ltr'><strong>qui</strong></span> <span class='ocrx_word' id='word_1_141' title='bbox 810 1225 974 1268; x_wconf 73' lang='lat' dir='ltr'><strong>impietatis</strong></span> <span class='ocrx_word' id='word_1_142' title='bbox 1001 1225 1126 1257; x_wconf 80' lang='lat' dir='ltr'><strong>crimine</strong></span> <span class='ocrx_word' id='word_1_143' title='bbox 1153 1229 1225 1257; x_wconf 80' lang='lat' dir='ltr'><strong>sunt</strong></span> <span class='ocrx_word' id='word_1_144' title='bbox 1254 1225 1336 1257; x_wconf 77' lang='lat' dir='ltr'><strong>dam-</strong></span> 
     </span>
     <span class='ocr_line' id='line_1_18' title="bbox 227 1282 1336 1326; baseline 0.003 -13"><span class='ocrx_word' id='word_1_145' title='bbox 227 1282 306 1321; x_wconf 81' lang='lat' dir='ltr'><strong>nati,</strong></span> <span class='ocrx_word' id='word_1_146' title='bbox 342 1283 405 1315; x_wconf 88' lang='lat' dir='ltr'><strong>sine</strong></span> <span class='ocrx_word' id='word_1_147' title='bbox 443 1283 502 1315; x_wconf 79' lang='lat' dir='ltr'>ulla</span> <span class='ocrx_word' id='word_1_148' title='bbox 537 1284 712 1326; x_wconf 83' lang='lat' dir='ltr'><strong>exceptione</strong></span> <span class='ocrx_word' id='word_1_149' title='bbox 748 1284 909 1326; x_wconf 80' lang='lat' dir='ltr'><strong>optimates</strong></span> <span class='ocrx_word' id='word_1_150' title='bbox 942 1284 1042 1316; x_wconf 80' lang='lat' dir='ltr'><strong>fuisse.</strong></span> <span class='ocrx_word' id='word_1_151' title='bbox 1089 1284 1173 1324; x_wconf 83' lang='lat' dir='ltr'><strong>Quid</strong></span> <span class='ocrx_word' id='word_1_152' title='bbox 1206 1284 1336 1316; x_wconf 82' lang='lat' dir='ltr'><strong>deiude?</strong></span> 
     </span>
     <span class='ocr_line' id='line_1_19' title="bbox 227 1342 1338 1386; baseline 0.002 -13"><span class='ocrx_word' id='word_1_153' title='bbox 227 1342 424 1380; x_wconf 62' lang='lat' dir='ltr'><strong>HAbsurdum</strong></span> <span class='ocrx_word' id='word_1_154' title='bbox 447 1342 513 1374; x_wconf 52' lang='grc' dir='ltr'><strong>σεῖ’</strong></span> <span class='ocrx_word' id='word_1_155' title='bbox 539 1343 582 1374; x_wconf 83' lang='lat' dir='ltr'><strong>ait</strong></span> <span class='ocrx_word' id='word_1_156' title='bbox 613 1342 768 1374; x_wconf 87' lang='lat' dir='ltr'><strong>Gilbertus</strong></span> <span class='ocrx_word' id='word_1_157' title='bbox 785 1345 811 1384; x_wconf 77' lang='lat'><strong>³)</strong></span> <span class='ocrx_word' id='word_1_158' title='bbox 850 1343 1119 1383; x_wconf 44' lang='lat' dir='ltr'><strong>&#39;‘machinationiffi</strong></span> <span class='ocrx_word' id='word_1_159' title='bbox 1154 1355 1230 1386; x_wconf 77' lang='lat' dir='ltr'><strong>quae</strong></span> <span class='ocrx_word' id='word_1_160' title='bbox 1263 1342 1338 1376; x_wconf 83' lang='lat' dir='ltr'><strong>illud</strong></span> 
     </span>
     <span class='ocr_line' id='line_1_20' title="bbox 225 1401 1337 1445; baseline 0.002 -13"><span class='ocrx_word' id='word_1_161' title='bbox 225 1401 326 1433; x_wconf 74' lang='lat' dir='ltr'><strong>effecit</strong></span> <span class='ocrx_word' id='word_1_162' title='bbox 357 1405 404 1441; x_wconf 89' lang='lat' dir='ltr'><strong>ut,</strong></span> <span class='ocrx_word' id='word_1_163' title='bbox 436 1413 512 1443; x_wconf 84' lang='lat' dir='ltr'><strong>quae</strong></span> <span class='ocrx_word' id='word_1_164' title='bbox 543 1402 612 1434; x_wconf 88' lang='lat' dir='ltr'><strong>inde</strong></span> <span class='ocrx_word' id='word_1_165' title='bbox 645 1402 834 1434; x_wconf 82' lang='lat' dir='ltr'><strong>incommoda</strong></span> <span class='ocrx_word' id='word_1_166' title='bbox 863 1407 933 1434; x_wconf 81' lang='lat' dir='ltr'><strong>nata</strong></span> <span class='ocrx_word' id='word_1_167' title='bbox 964 1406 1051 1442; x_wconf 76' lang='lat' dir='ltr'><strong>sunt,</strong></span> <span class='ocrx_word' id='word_1_168' title='bbox 1084 1402 1114 1434; x_wconf 89' lang='lat' dir='ltr'><strong>in</strong></span> <span class='ocrx_word' id='word_1_169' title='bbox 1144 1402 1337 1445; x_wconf 77' lang='lat' dir='ltr'><strong>optimatium</strong></span> 
     </span>
     <span class='ocr_line' id='line_1_21' title="bbox 226 1460 1339 1504; baseline 0.001 -12"><span class='ocrx_word' id='word_1_170' title='bbox 226 1461 324 1502; x_wconf 79' lang='lat' dir='ltr'><strong>capita</strong></span> <span class='ocrx_word' id='word_1_171' title='bbox 351 1461 571 1500; x_wconf 86' lang='lat' dir='ltr'><strong>converterint,</strong></span> <span class='ocrx_word' id='word_1_172' title='bbox 603 1461 764 1504; x_wconf 77' lang='lat' dir='ltr'><strong>optimates</strong></span> <span class='ocrx_word' id='word_1_173' title='bbox 789 1462 880 1493; x_wconf 82' lang='lat' dir='ltr'><strong>fuisse</strong></span> <span class='ocrx_word' id='word_1_174' title='bbox 903 1466 1039 1493; x_wconf 78' lang='lat' dir='ltr'><strong>auctores</strong></span> <span class='ocrx_word' id='word_1_175' title='bbox 1065 1460 1214 1504; x_wconf 79' lang='lat' dir='ltr'><strong>opinari&#39;&#39;.</strong></span> <span class='ocrx_word' id='word_1_176' title='bbox 1261 1461 1339 1494; x_wconf 91' lang='lat' dir='ltr'><strong>Con·</strong></span> 
     </span>
     <span class='ocr_line' id='line_1_22' title="bbox 226 1519 1338 1564; baseline 0.001 -13"><span class='ocrx_word' id='word_1_177' title='bbox 226 1519 299 1552; x_wconf 83' lang='lat' dir='ltr'><strong>cedo</strong></span> <span class='ocrx_word' id='word_1_178' title='bbox 326 1519 503 1552; x_wconf 74' lang='lat' dir='ltr'><strong>Cassianum</strong></span> <span class='ocrx_word' id='word_1_179' title='bbox 526 1521 600 1553; x_wconf 90' lang='lat' dir='ltr'><strong>illud</strong></span> <span class='ocrx_word' id='word_1_180' title='bbox 633 1521 703 1560; x_wconf 59' lang='lat' dir='ltr'><strong>acui</strong></span> <span class='ocrx_word' id='word_1_181' title='bbox 734 1521 835 1553; x_wconf 91' lang='lat' dir='ltr'><strong>bon0’&#39;</strong></span> <span class='ocrx_word' id='word_1_182' title='bbox 860 1521 1039 1564; x_wconf 79' lang='lat' dir='ltr'><strong>singularem</strong></span> <span class='ocrx_word' id='word_1_183' title='bbox 1070 1521 1132 1553; x_wconf 83' lang='lat' dir='ltr'><strong>vim</strong></span> <span class='ocrx_word' id='word_1_184' title='bbox 1161 1520 1270 1554; x_wconf 78' lang='lat' dir='ltr'><strong>habere</strong></span> <span class='ocrx_word' id='word_1_185' title='bbox 1300 1520 1338 1552; x_wconf 82' lang='lat' dir='ltr'><strong>ad</strong></span> 
     </span>
    </p>
   </div>
   <div class='ocr_carea' id='block_1_3' title="bbox 231 1615 437 1619">
    <p class='ocr_par' dir='ltr' id='par_1_4' title="bbox 231 1615 437 1619">
     <span class='ocr_line' id='line_1_23' title="bbox 231 1615 437 1619; baseline 0 0"><span class='ocrx_word' id='word_1_186' title='bbox 231 1615 437 1619; x_wconf 95' lang='lat' dir='ltr'><strong> </strong></span> 
     </span>
    </p>
   </div>
   <div class='ocr_carea' id='block_1_4' title="bbox 265 1673 869 1754">
    <p class='ocr_par' dir='ltr' id='par_1_5' title="bbox 265 1673 869 1754">
     <span class='ocr_line' id='line_1_24' title="bbox 265 1673 557 1711; baseline 0.007 -11"><span class='ocrx_word' id='word_1_187' title='bbox 265 1673 286 1706; x_wconf 93' lang='lat'><strong>¹)</strong></span> <span class='ocrx_word' id='word_1_188' title='bbox 313 1673 329 1701; x_wconf 90' lang='lat' dir='ltr'><strong>l.</strong></span> <span class='ocrx_word' id='word_1_189' title='bbox 349 1674 367 1702; x_wconf 92' lang='lat' dir='ltr'><strong>l.</strong></span> <span class='ocrx_word' id='word_1_190' title='bbox 386 1685 410 1711; x_wconf 90' lang='lat' dir='ltr'><strong>p.</strong></span> <span class='ocrx_word' id='word_1_191' title='bbox 430 1675 482 1704; x_wconf 76' lang='lat'><strong>427</strong></span> <span class='ocrx_word' id='word_1_192' title='bbox 501 1683 557 1710; x_wconf 82' lang='lat' dir='ltr'><strong>sqq.</strong></span> 
     </span>
     <span class='ocr_line' id='line_1_25' title="bbox 272 1712 869 1754; baseline 0.005 -11"><span class='ocrx_word' id='word_1_193' title='bbox 272 1712 291 1743; x_wconf 76' lang='lat'><strong>¹)</strong></span> <span class='ocrx_word' id='word_1_194' title='bbox 315 1716 402 1753; x_wconf 84' lang='lat' dir='ltr'><strong>Turpe</strong></span> <span class='ocrx_word' id='word_1_195' title='bbox 418 1719 459 1745; x_wconf 79' lang='lat' dir='ltr'><strong>est</strong></span> <span class='ocrx_word' id='word_1_196' title='bbox 477 1727 568 1746; x_wconf 78' lang='lat' dir='ltr'><strong>versus</strong></span> <span class='ocrx_word' id='word_1_197' title='bbox 587 1726 619 1745; x_wconf 85' lang='lat' dir='ltr'><strong>ex</strong></span> <span class='ocrx_word' id='word_1_198' title='bbox 638 1717 740 1746; x_wconf 82' lang='lat' dir='ltr'><strong>Avibus</strong></span> <span class='ocrx_word' id='word_1_199' title='bbox 759 1718 869 1754; x_wconf 85' lang='lat'>(1701):</span> 
     </span>
    </p>
   </div>
   <div class='ocr_carea' id='block_1_5' title="bbox 525 1762 1009 1944">
    <p class='ocr_par' dir='ltr' id='par_1_6' title="bbox 525 1762 1009 1944">
     <span class='ocr_line' id='line_1_26' title="bbox 531 1762 1009 1800; baseline 0.004 -10"><span class='ocrx_word' id='word_1_200' title='bbox 531 1762 604 1791; x_wconf 69' lang='grc' dir='ltr'><strong>κάπὶ</strong></span> <span class='ocrx_word' id='word_1_201' title='bbox 626 1764 680 1791; x_wconf 68' lang='grc' dir='ltr'><strong>τῶν</strong></span> <span class='ocrx_word' id='word_1_202' title='bbox 700 1762 950 1800; x_wconf 74' lang='grc' dir='ltr'><strong>ἐγγλωττογαστό</strong></span> <span class='ocrx_word' id='word_1_203' title='bbox 971 1779 1009 1784; x_wconf 92' lang='grc'>-</span> 
     </span>
     <span class='ocr_line' id='line_1_27' title="bbox 527 1810 945 1845; baseline 0.005 -7"><span class='ocrx_word' id='word_1_204' title='bbox 527 1821 574 1845; x_wconf 75' lang='grc' dir='ltr'><strong>ρων</strong></span> <span class='ocrx_word' id='word_1_205' title='bbox 593 1810 700 1839; x_wconf 76' lang='grc' dir='ltr'><strong><em>ἐκείνων</em></strong></span> <span class='ocrx_word' id='word_1_206' title='bbox 724 1812 779 1839; x_wconf 67' lang='grc' dir='ltr'><strong>τῶν</strong></span> <span class='ocrx_word' id='word_1_207' title='bbox 800 1814 945 1840; x_wconf 73' lang='grc' dir='ltr'><strong>Φιλίππων</strong></span> 
     </span>
     <span class='ocr_line' id='line_1_28' title="bbox 529 1859 949 1895; baseline 0.005 -9"><span class='ocrx_word' id='word_1_208' title='bbox 529 1861 682 1895; x_wconf 70' lang='grc' dir='ltr'><strong>πανταχοῦ</strong></span> <span class='ocrx_word' id='word_1_209' title='bbox 704 1862 753 1892; x_wconf 70' lang='grc' dir='ltr'><strong>τῆς</strong></span> <span class='ocrx_word' id='word_1_210' title='bbox 777 1859 913 1892; x_wconf 70' lang='grc' dir='ltr'><strong>Ἀττικῆς</strong></span> <span class='ocrx_word' id='word_1_211' title='bbox 935 1860 949 1891; x_wconf 74' lang='grc' dir='ltr'>ἦ</span> 
     </span>
     <span class='ocr_line' id='line_1_29' title="bbox 525 1909 924 1944; baseline 0.005 -10"><span class='ocrx_word' id='word_1_212' title='bbox 525 1909 651 1942; x_wconf 67' lang='grc' dir='ltr'><strong>γλῶτται</strong></span> <span class='ocrx_word' id='word_1_213' title='bbox 674 1910 759 1944; x_wconf 74' lang='grc' dir='ltr'><em>χωρῖς</em></span> <span class='ocrx_word' id='word_1_214' title='bbox 780 1909 924 1943; x_wconf 66' lang='grc' dir='ltr'><strong><em>τέμνεται.</em></strong></span> 
     </span>
    </p>
   </div>
   <div class='ocr_carea' id='block_1_6' title="bbox 224 1951 1342 2024">
    <p class='ocr_par' dir='ltr' id='par_1_7' title="bbox 224 1951 1342 2024">
     <span class='ocr_line' id='line_1_30' title="bbox 227 1951 1342 1990; baseline 0.003 -12"><span class='ocrx_word' id='word_1_215' title='bbox 227 1952 264 1978; x_wconf 78' lang='lat' dir='ltr'><strong>ita</strong></span> <span class='ocrx_word' id='word_1_216' title='bbox 287 1951 434 1988; x_wconf 77' lang='lat' dir='ltr'><strong>explicare:</strong></span> <span class='ocrx_word' id='word_1_217' title='bbox 461 1952 668 1989; x_wconf 72' lang='lat' dir='ltr'><strong>l&#39;hilippos....</strong></span> <span class='ocrx_word' id='word_1_218' title='bbox 691 1954 738 1981; x_wconf 85' lang='lat' dir='ltr'><strong>der</strong></span> <span class='ocrx_word' id='word_1_219' title='bbox 763 1954 790 1981; x_wconf 93' lang='lat' dir='ltr'><strong>in</strong></span> <span class='ocrx_word' id='word_1_220' title='bbox 814 1954 863 1981; x_wconf 75' lang='lat' dir='ltr'><strong>den</strong></span> <span class='ocrx_word' id='word_1_221' title='bbox 887 1953 1004 1990; x_wconf 80' lang='lat' dir='ltr'><strong>Wespen</strong></span> <span class='ocrx_word' id='word_1_222' title='bbox 1029 1954 1072 1981; x_wconf 86' lang='lat' dir='ltr'><strong>ein</strong></span> <span class='ocrx_word' id='word_1_223' title='bbox 1095 1954 1176 1990; x_wconf 83' lang='lat' dir='ltr'><strong>Opscr</strong></span> <span class='ocrx_word' id='word_1_224' title='bbox 1193 1954 1240 1982; x_wconf 84' lang='lat' dir='ltr'><strong>der</strong></span> <span class='ocrx_word' id='word_1_225' title='bbox 1256 1953 1342 1982; x_wconf 83' lang='lat' dir='ltr'><strong>demo-</strong></span> 
     </span>
     <span class='ocr_line' id='line_1_31' title="bbox 224 1995 610 2024; baseline 0.005 -3"><span class='ocrx_word' id='word_1_226' title='bbox 224 1995 371 2022; x_wconf 79' lang='lat' dir='ltr'><strong>crutisciien</strong></span> <span class='ocrx_word' id='word_1_227' title='bbox 392 1995 502 2022; x_wconf 65' lang='lat' dir='ltr'><strong>Richter</strong></span> <span class='ocrx_word' id='word_1_228' title='bbox 521 1996 610 2024; x_wconf 67' lang='lat' dir='ltr'><strong>hoissi.</strong></span> 
     </span>
    </p>
   </div>
   <div class='ocr_carea' id='block_1_7' title="bbox 225 2037 1343 2109">
    <p class='ocr_par' dir='ltr' id='par_1_8' title="bbox 225 2037 1343 2109">
     <span class='ocr_line' id='line_1_32' title="bbox 261 2037 1343 2073; baseline 0.004 -9"><span class='ocrx_word' id='word_1_229' title='bbox 261 2037 294 2064; x_wconf 79' lang='lat' dir='ltr'><strong>Et</strong></span> <span class='ocrx_word' id='word_1_230' title='bbox 314 2038 376 2073; x_wconf 82' lang='lat' dir='ltr'><strong>quid</strong></span> <span class='ocrx_word' id='word_1_231' title='bbox 396 2038 542 2073; x_wconf 71' lang='lat' dir='ltr'><strong>significat:</strong></span> <span class='ocrx_word' id='word_1_232' title='bbox 563 2039 712 2066; x_wconf 70' lang='lat' dir='ltr'><strong>Chnroadcs</strong></span> <span class='ocrx_word' id='word_1_233' title='bbox 731 2039 777 2068; x_wconf 79' lang='lat' dir='ltr'><strong>der</strong></span> <span class='ocrx_word' id='word_1_234' title='bbox 796 2042 857 2068; x_wconf 79' lang='lat' dir='ltr'><strong>nach</strong></span> <span class='ocrx_word' id='word_1_235' title='bbox 875 2042 967 2068; x_wconf 70' lang='lat' dir='ltr'><strong>Kleons</strong></span> <span class='ocrx_word' id='word_1_236' title='bbox 976 2042 1051 2068; x_wconf 75' lang='lat' dir='ltr'><em>Stur:</em></span> <span class='ocrx_word' id='word_1_237' title='bbox 1070 2041 1117 2067; x_wconf 81' lang='lat' dir='ltr'><strong>mit</strong></span> <span class='ocrx_word' id='word_1_238' title='bbox 1130 2040 1231 2068; x_wconf 77' lang='lat' dir='ltr'><strong>Laches</strong></span> <span class='ocrx_word' id='word_1_239' title='bbox 1245 2049 1343 2068; x_wconf 69' lang='lat' dir='ltr'><strong>zusam-</strong></span> 
     </span>
     <span class='ocr_line' id='line_1_33' title="bbox 225 2081 672 2109; baseline 0.004 -2"><span class='ocrx_word' id='word_1_240' title='bbox 225 2090 283 2108; x_wconf 75' lang='lat' dir='ltr'><strong>men</strong></span> <span class='ocrx_word' id='word_1_241' title='bbox 305 2081 329 2107; x_wconf 94' lang='lat' dir='ltr'><strong>in</strong></span> <span class='ocrx_word' id='word_1_242' title='bbox 351 2081 456 2108; x_wconf 80' lang='lat' dir='ltr'><strong>Sicilicn</strong></span> <span class='ocrx_word' id='word_1_243' title='bbox 476 2082 672 2109; x_wconf 80' lang='lat' dir='ltr'><strong>commnudirtc.</strong></span> 
     </span>
    </p>
   </div>
   <div class='ocr_carea' id='block_1_8' title="bbox 261 2123 490 2160">
    <p class='ocr_par' dir='ltr' id='par_1_9' title="bbox 261 2123 490 2160">
     <span class='ocr_line' id='line_1_34' title="bbox 261 2123 490 2160; baseline 0.004 -10"><span class='ocrx_word' id='word_1_244' title='bbox 261 2124 280 2157; x_wconf 84' lang='grc'><strong>’“)</strong></span> <span class='ocrx_word' id='word_1_245' title='bbox 310 2123 326 2151; x_wconf 91' lang='grc'><strong>1.</strong></span> <span class='ocrx_word' id='word_1_246' title='bbox 349 2124 354 2150; x_wconf 92' lang='grc' dir='ltr'>Ι</span> <span class='ocrx_word' id='word_1_247' title='bbox 385 2135 409 2160; x_wconf 87' lang='lat' dir='ltr'><strong>p.</strong></span> <span class='ocrx_word' id='word_1_248' title='bbox 430 2126 490 2152; x_wconf 74' lang='lat'>254.</span> 
     </span>
    </p>
   </div>
  </div>
 </body>
</html>
