1536 2526
749 212 788 241 50

217 313 326 345 Cullins
369 315 451 346 illam
493 316 647 354 ὶκετηρίαιν
689 317 811 358 posuit¹
861 317 934 357 quin
965 327 1011 347 ine
1040 315 1155 347 indicta
1188 326 1278 347 causa
1312 327 1328 347 e

222 372 321 404 medio
345 372 447 405 tollere
467 374 585 406 volebat
594 388 602 414 ς
627 375 730 407 oderat
758 375 837 407 cuim
863 386 910 406 me
936 375 1007 416 quin
1036 374 1063 406 ei
1094 374 1125 406 in
1146 373 1260 406 iudicio
1291 373 1328 405 de

220 431 373 470 ἐπικλήρῳ
405 431 550 465 molestus
579 433 703 465 fueram.
751 434 884 466 Primum
917 444 988 476 crgo
1019 437 1123 465 auctor
1150 433 1209 465 fuit
1238 432 1330 464 huius

222 489 390 530 ἐνδείξεωςς
425 502 517 533 quum
554 492 610 524 hoc
646 492 814 534 periculum
850 492 967 524 videret
1001 503 1048 524 me
1076 492 1239 530 sustinere,
1274 491 1330 526 τὴν

222 549 379 589 ἱκετηρίαν
402 551 518 592 posuit;
547 562 641 592 quum
665 562 701 582 ne
725 550 768 582 sic
793 551 914 592 quidem
940 555 1120 590 metuerem,
1143 560 1194 593 per
1218 549 1331 581 amicos

223 619 271 640 me
307 609 462 640 certiorem
501 609 587 648 fecit,
627 609 652 640 si
688 609 724 640 de
759 609 914 651 proposito
956 620 1021 641 meo
1061 609 1262 646 destitissem,
1301 618 1333 639 se

223 666 329 698 iudicii
350 666 483 709 periculo
501 678 547 700 me
567 679 631 699 esse
651 667 855 700 liberaturum.
900 667 976 699 Tum
993 667 1194 699 acerbissimis
1213 666 1334 699 maledi-

224 725 281 757 ctis
303 725 336 756 in
363 724 489 757 Calliam
529 729 559 757 et
592 726 703 757 Calliae
727 730 848 768 gentem
883 726 1046 765 invehitur,
1081 729 1112 758 et
1138 729 1239 768 turpes
1269 725 1334 757 eius

225 794 340 816 amores
361 783 514 816 describit.
561 785 715 817 Postremo
739 785 782 816 sic
806 788 910 828 rogat:
935 795 989 816 cur
1012 785 1101 817 tertio
1123 784 1244 816 demum
1265 786 1336 826 post

223 853 303 875 anno
328 842 445 874 inimici
469 854 516 874 me
539 843 666 886 petunt?
703 843 783 883 Quia
807 855 842 875 eo
865 847 998 886 tempore
1021 843 1094 875 satis
1114 844 1335 886 cognoverunt,

226 913 273 934 me
296 901 444 944 improbis
469 913 585 944 semper
612 902 790 940 molestum,
816 913 932 945 semper
960 901 1162 934 adversarium
1190 902 1336 933 futurum.

227 961 267 993 Et
290 961 371 1003 quod
389 961 428 993 ad
451 972 531 993 meas
551 961 760 1003 navigationes
781 962 929 1004 pertinet,
953 961 1105 1003 putatisne
1127 961 1199 992 deos
1218 961 1338 992 immor-

228 1019 301 1052 tales
329 1020 403 1052 mihi
427 1020 610 1062 pepercisse,
635 1024 668 1052 ut
692 1020 850 1062 Epicharis
880 1024 911 1052 et
941 1019 1073 1062 Cephisii
1104 1019 1226 1051 victima
1255 1018 1339 1051 cade·

230 1079 313 1110 rem?
359 1078 490 1110 Tandem
515 1083 583 1121 post
607 1084 782 1121 argumenta
807 1079 953 1120 quaedam
977 1078 1015 1110 ad
1038 1077 1251 1121 rempublicam
1275 1088 1340 1121 per-

231 1137 358 1169 tinentia
381 1148 512 1179 suaeque
536 1138 626 1169 sortis
648 1137 936 1169 commiserationem
962 1137 1126 1169 orationem
1149 1136 1285 1169 absolvit.

280 1255 364 1287 Haec
391 1255 435 1288 ita
458 1256 600 1299 exposui,
623 1267 684 1288 non
715 1255 811 1287 solum
842 1258 877 1288 ut
904 1255 974 1287 data
1003 1254 1144 1287 facultate
1171 1256 1345 1297 argumenta

235 1315 382 1357 quaedam
416 1315 598 1354 refellerem,
629 1314 740 1356 quibus
769 1315 836 1356 quis
864 1315 909 1346 uti
934 1314 1030 1357 possit
1059 1314 1096 1346 ad
1125 1314 1269 1346 orationis
1295 1324 1346 1346 au·

236 1374 405 1406 ctoritatcm
441 1373 646 1412 refellendam,
686 1374 737 1405 sed
772 1375 862 1405 etiam
901 1374 971 1415 quia
1011 1373 1185 1412 censebam,
1221 1384 1257 1404 ex
1292 1372 1346 1404 tali

236 1433 374 1464 breviore
397 1432 449 1464 sed
473 1444 531 1464 non
559 1433 648 1464 nimis
672 1433 826 1465 succincta
845 1433 1041 1475 dispositione
1065 1433 1159 1475 magis
1182 1443 1290 1474 quum,
1321 1431 1347 1463 si

240 1492 309 1533 quis
332 1494 427 1524 totam
453 1492 616 1523 orationem
642 1492 822 1534 perlegeret,
852 1496 882 1524 ct
906 1492 969 1523 eius
999 1492 1145 1523 rationem
1174 1491 1348 1523 consilium-

240 1563 298 1593 que
332 1551 490 1593 perspicua
526 1551 605 1590 fieri,
637 1556 666 1583 et
697 1562 836 1593 apparere
872 1562 962 1593 quam
998 1551 1079 1582 nulla
1114 1552 1153 1582 sit
1189 1550 1250 1582 veri
1285 1562 1351 1593 spe·

242 1610 320 1649 cies,
345 1609 403 1642 tale
426 1620 501 1652 opus
525 1610 562 1641 ab
594 1610 755 1652 impostore
783 1621 845 1642 esse
874 1611 997 1641 factum.
1043 1609 1154 1641 Insunt
1185 1609 1350 1651 quaedam,

244 1680 320 1710 quae
343 1669 407 1700 iure
430 1668 607 1710 reprehendi
632 1669 766 1710 possint-5
796 1668 847 1700 scd
871 1669 974 1700 insunt
997 1668 1083 1710 plura
1106 1669 1226 1711 egregia
1248 1672 1278 1700 et
1301 1679 1353 1710 op-

247 1728 321 1759 timo
352 1730 466 1758 oratore
498 1727 684 1769 dignissima.
731 1727 843 1759 Eorum
873 1727 1040 1769 exemplum
1071 1728 1110 1758 sit
1139 1727 1220 1769 quod
1243 1727 1355 1769 legitur

246 1787 349 1828 §⁷25
382 1785 433 1817 ubi
467 1789 574 1824 orator,
607 1786 864 1818 demonstraturus
889 1786 1065 1828 abrogatum
1092 1797 1155 1818 esse
1186 1785 1356 1818 Isotimidis

249 1845 423 1885 ψήφισμα,
447 1844 520 1876 hacc
544 1845 726 1887 praemittit:
752 1845 892 1883 καίτοιγε
920 1845 1065 1882 τοιαύτην
1089 1845 1265 1883 ἀπολογίαν
1287 1844 1354 1884 περ)

251 1905 346 1935 αὐτοῦ
370 1905 536 1942 ποιήσομαι
561 1902 635 1936 ὅπου
655 1906 699 1942 μὴ
721 1905 828 1936 πείθων
852 1905 909 1942 μὲν
929 1905 1010 1942 ὑμᾶς
1033 1905 1125 1940 αὐτὸς
1150 1905 1355 1945 ζημιώσομαι,

253 1964 365 1999 πείσαις
397 1963 428 1994 δὲ
464 1964 536 2001 ὑπὲρ
576 1966 633 1994 τῶν
667 1964 780 2002 ἐχθρῶν
819 1963 1091 2002 ἀπολελογημένος
1129 1963 1258 2002 ἔσομαι,
1296 1973 1358 2006 quo

250 2022 436 2054 referendum
462 2023 563 2053 fictum
589 2023 664 2054 illud
688 2022 744 2055 sub
761 2023 960 2065 trigintaviris
983 2022 1129 2055 iudicium
1154 2024 1184 2065 (ξ
1204 2024 1278 2055 101·
1289 2020 1359 2064 sq.),

249 2081 328 2122 quod
354 2081 398 2112 vel
432 2080 632 2112 nobilissimos
664 2081 771 2122 Lysiae
797 2081 878 2112 locos
910 2081 1085 2113 aemulatur.
1131 2081 1204 2120 Sed,
1237 2084 1272 2113 ut
1300 2081 1359 2112 iam
