1536 2526
765 238 783 267 8

216 345 244 374 in
273 345 431 386 impiorum
449 355 572 375 numero
592 343 830 386 Hermocopidas
847 353 968 384 quoque
987 343 1212 385 investigarent.
1248 342 1324 380 Sed,

215 402 238 433 si
261 403 329 443 quis
353 403 409 434 sibi
435 406 504 434 anto
528 403 631 434 oculos
656 406 849 445 proponeret,
874 405 1058 443 quantopere
1074 401 1247 433 iamdudum
1271 401 1324 433 So·
1359 394 1362 396 ’

216 461 382 503 plristaruni
408 464 563 503 praecepta
588 461 712 503 patriam
739 461 825 492 tidem
850 461 880 491 in
905 459 1015 491 animis
1038 471 1158 499 eorum,
1189 460 1242 501 qui
1270 460 1324 492 ali-

214 519 287 560 quid
313 531 401 562 supra
427 520 533 561 vulgus
558 524 712 562 saperent,
737 519 980 557 labefactassent;
1013 519 1038 550 si
1061 518 1130 559 quis
1154 521 1321 561 reputaret,

213 589 315 609 ornnes
350 578 525 610 eruditiores
556 578 752 610 miserabilem
783 578 813 609 in
847 578 968 609 modum
1003 578 1032 609 in
1065 588 1129 609 eam
1161 588 1221 609 rem
1253 589 1322 610 con-

213 637 339 675 sentire,
366 641 395 667 ut
427 637 514 668 tidem
541 638 667 679 patriam
693 639 936 675 contemnerent,
965 647 1047 668 sacra
1071 637 1254 676 deriderent,
1278 637 1323 669 di-

215 696 282 727 vina
305 700 333 727 et
359 696 498 727 coelestia
522 696 608 728 niliili
636 696 786 734 facerent,
816 696 902 728 illum
934 696 1114 728 credendum
1146 699 1192 729 est
1222 697 1323 729 horro-

215 766 274 786 rem
306 755 466 794 invasisse,
501 755 715 787 deliberantem
751 766 787 787 ex
818 766 852 787 eo
883 755 1004 787 decreto
1039 758 1113 797 quot
1146 759 1177 787 et
1212 758 1324 797 quanta

214 814 290 845 mala
325 814 405 845 nasci
442 818 574 856 possent.
621 814 691 854 Quo
727 814 807 846 enim
842 814 959 856 saepius
991 814 1024 846 in
1055 825 1138 846 sacra
1168 818 1323 857 peccatum

213 876 291 911 erat,
316 884 375 914 quo
399 873 499 916 plures
523 873 687 916 impietatis
713 876 797 904 erant
819 873 939 911 affines,
972 884 1006 905 eo
1038 873 1132 916 magia
1160 873 1324 906 calumniae

213 932 387 974 artibusque
421 932 587 964 delatorum
624 933 672 964 via
707 932 759 964 illo
790 932 910 964 decreto
944 932 1143 974 aperiebatur.
1190 932 1322 972 Revera,

213 1001 248 1022 cx
272 1002 332 1032 quo
357 991 486 1033 populus
511 1003 574 1023 earn
606 991 700 1034 legem
734 992 823 1031 fecit,
857 994 892 1023 ut
920 1003 980 1023 non
1009 991 1046 1023 de
1076 991 1322 1034 Hermocopidi8‚

214 1049 265 1080 scd
289 1049 325 1080 ‹le
357 1050 494 1081 universa
525 1050 668 1092 religione
697 1054 898 1092 quaereretur,
930 1050 1042 1082 iudicia
1073 1050 1143 1090 illa,
1179 1061 1255 1092 quae
1287 1050 1324 1083 de

215 1119 244 1138 re
268 1119 351 1139 sacra
373 1109 500 1140 exerceri
526 1108 713 1148 dicebantur,
737 1109 952 1142 exercebantur
974 1112 1074 1141 tamen
1094 1110 1131 1142 de
1153 1109 1323 1152 republica,

215 1170 340 1207 quantas
380 1167 564 1199 calamitates
599 1169 718 1200 civitati
754 1169 985 1201 Atheniensium
1024 1169 1219 1201 inflixerunt?
1274 1167 1324 1201 Ne

216 1225 252 1256 de
287 1236 394 1268 magno
431 1237 533 1258 eorum
569 1238 693 1259 numero
727 1227 844 1266 (licam,
887 1229 939 1269 qui
975 1228 1116 1260 victimae
1154 1228 1326 1261 ceciderunt

217 1285 276 1316 irae
315 1288 345 1316 ct
378 1285 538 1317 anxietatis
579 1287 749 1329 populariS‚
794 1286 836 1318 ita
874 1287 1049 1319 hominibus
1086 1287 1221 1319 factiosis
1256 1298 1325 1320 con-

217 1343 306 1385 tigit,
341 1349 374 1375 ut
408 1344 579 1377 admirabili
614 1345 778 1378 calliditate
813 1345 983 1388 plebeculae
1017 1347 1159 1389 pietatem
1187 1346 1217 1378 iu
1255 1357 1326 1379 suae

217 1402 355 1434 factionis
398 1404 588 1436 commodum
628 1408 844 1437 converterent.
901 1405 951 1436 Sic
989 1405 1087 1444 enim,
1123 1409 1157 1437 ut
1196 1405 1326 1439 breviter

216 1461 329 1501 dicam,
362 1462 560 1504 optimatibus
591 1464 721 1506 contigit
753 1468 803 1504 ut,
835 1463 1050 1496 adiuvantibus
1073 1464 1269 1507 popularibus
1284 1466 1324 1507 ¹),

217 1520 274 1551 sibi
307 1521 437 1552 invisum
470 1522 671 1562 Alcibiadem,
707 1524 759 1565 qui
794 1524 959 1566 plurimum
994 1523 1072 1566 apud
1103 1524 1250 1567 populum
1275 1535 1326 1556 va-

217 1578 310 1618 lebat,
360 1580 531 1622 perderent,
578 1581 726 1623 simulque
767 1586 876 1614 statum
924 1582 1097 1624 popularem
1144 1582 1326 1625 reipublicae

217 1637 301 1680 gravi
326 1638 409 1669 clade
433 1639 615 1671 allicerent.''
662 1641 782 1680 Quibus
813 1652 881 1672 mox
908 1641 1010 1672 addit:
1045 1642 1096 1679 „in
1122 1641 1324 1682 Alcibiadem,

218 1696 305 1728 cuius
339 1696 370 1728 in
406 1697 493 1729 rebus
528 1699 619 1730 sacris
651 1699 758 1730 levitas
783 1699 876 1741 vulgo
900 1703 972 1731 nota
998 1703 1076 1736 erat,
1112 1711 1170 1732 uon
1206 1700 1327 1733 difficile

220 1759 282 1787 erat
305 1755 480 1798 gravissima
504 1757 628 1789 crimina
651 1758 817 1800 impietatis
841 1758 1002 1800 proferre.⁷'

266 1813 374 1855 Neque
408 1814 493 1846 aliter
527 1815 699 1858 Droysenus
724 1818 765 1858 ²),
801 1828 889 1858 quern
921 1817 1135 1859 Hertzbergius
1166 1817 1327 1850 maximam

223 1876 335 1916 partem
359 1878 482 1906 secutus
505 1878 566 1914 est,
599 1874 682 1907 illius
711 1875 822 1907 decreti
852 1875 920 1907 illos
949 1876 1101 1908 exstitisse
1130 1880 1268 1910 auctores
1297 1881 1329 1909 et

261 2035 280 2068 ¹)
307 2032 407 2060 titium
422 2033 502 2060 verba
517 2041 569 2068 quo
592 2042 668 2060 aenan
688 2033 759 2061 dicat
779 2043 803 2070 p.
824 2035 874 2061 169
892 2037 920 2061 ct
939 2035 988 2064 171
1008 2034 1132 2063 declarat.
1170 2035 1214 2063 Mc
1234 2036 1282 2064 hac
1301 2036 1327 2064 in

224 2086 251 2104 rt-
270 2085 328 2103 cuni
350 2085 380 2102 ro
400 2085 450 2102 non
472 2076 553 2103 {aorn-
573 2085 632 2103 rnox
653 2076 797 2111 apparebit.

259 2121 280 2155 ἶ)
301 2119 372 2148 Mun.
392 2119 478 2148 Rhea.
498 2119 557 2154 Ill,
578 2120 628 2148 170
647 2129 702 2155 sqq.
