1536 2526
758 209 798 239 13

220 318 348 350 maxime
371 316 590 359 quaerebantur
617 317 784 348 finxissent.
825 318 871 347 An
897 315 993 347 credis
1018 314 1132 346 indices
1156 313 1223 345 illos
1246 314 1338 345 fuisse

219 380 281 408 tam
305 376 420 408 sincera
444 376 501 407 fide
525 375 678 414 homines,
711 380 743 406 ut
777 379 911 406 tacerent
939 374 1040 416 potius
1064 385 1152 415 quam
1178 372 1337 404 mentiren—

220 435 290 467 tur?
338 434 467 473 N'erum,
505 439 537 466 ut
566 435 624 466 iam
659 434 738 472 dixi,
775 444 834 465 non
872 438 916 464 est
953 432 1034 474 quod
1066 432 1118 463 diu
1149 442 1337 472 quaeramus.

221 494 420 526 Dominarum
445 493 525 525 enim
560 493 719 532 intererat,
754 497 787 523 ut
820 492 857 523 de
886 491 1007 523 Hermia
1039 490 1187 522 mutilatis
1220 501 1339 532 prorsus

222 556 387 591 taceretur,
427 552 479 584 sed
503 552 540 584 ad
571 552 712 594 mysteria
746 555 860 583 mentes
888 550 1046 582 hominum
1082 553 1339 581 converterentur.

222 612 465 654 Pedieeequorum
485 612 605 644 illorum
628 611 755 650 domini,
781 611 920 652 inquam,
947 614 981 641 ul
1001 613 1123 651 poe-rent
1151 620 1247 641 omnes
1268 609 1340 640 illae

222 672 252 703 in
276 672 458 703 Alcibiadem
482 672 715 703 machinationes
739 671 913 709 instituere,
938 674 993 701 aut
1016 670 1089 710 ipsi,
1118 673 1172 700 aut
1190 680 1246 710 per
1268 670 1339 700 ami—

221 741 268 762 cos
291 742 375 770 auos,
404 731 530 762 Hermas
553 731 779 762 mutilaverant.

267 789 352 830 Quae
386 790 511 829 deinde,
547 801 640 832 quum
671 789 762 821 semel
793 789 963 821 Alcibiades
989 789 1068 820 inter
1091 801 1142 821 eos
1167 789 1339 820 nominatus

223 853 317 888 esset,
355 849 407 890 qui
444 850 584 892 mysteria
610 849 832 892 prosanassent,
857 853 928 880 sunt
952 853 1071 888 secuta,
1097 860 1131 880 ea
1155 848 1235 891 apud
1258 847 1339 879 Thu-

222 909 360 951 cydidem
385 909 429 940 ita
464 909 620 951 perspicuo
656 914 829 947 narrantur,
866 912 900 939 ut
935 919 993 939 non
1023 919 1099 950 opus
1122 907 1162 938 sit
1186 907 1224 938 iis
1248 906 1339 948 expli-

223 968 326 1000 candis
362 968 524 1000 immorari.
573 968 671 1010 Magis
707 971 940 999 consentaneum
975 967 1048 1005 erit,
1081 971 1114 998 ut
1145 967 1204 998 iam
1229 967 1339 998 uostris

225 1027 324 1060 verbis
359 1031 454 1059 totam
489 1039 569 1067 rem,
605 1026 859 1069 quemadmodum
894 1037 910 1058 e
944 1025 1132 1068 Thucydidis
1170 1026 1339 1058 narratione

223 1088 330 1119 confici
361 1090 478 1129 potest,
514 1087 771 1126 demonstremus,
807 1091 837 1118 et
861 1085 1027 1118 Alcibiadis
1052 1086 1243 1118 inimicorum
1266 1086 1338 1118 insi-

222 1146 288 1178 dias
311 1145 348 1177 ab
373 1146 463 1178 initio
487 1157 681 1188 exponamus.
717 1145 888 1188 Optimates
910 1145 1123 1184 Athenienses,
1145 1156 1241 1187 quum
1261 1144 1337 1177 nihil

224 1205 406 1237 intentatum
436 1205 604 1246 relinquere
635 1205 764 1244 vellent,
789 1205 952 1246 quominus
976 1205 1075 1237 invisa
1098 1205 1156 1237 sibi
1180 1208 1210 1237 el.
1234 1205 1339 1237 odiosa

225 1265 257 1296 in
294 1264 429 1297 Siciliam
465 1264 618 1307 expeditio
653 1265 752 1304 fieret,
791 1264 980 1297 Alcibiadem
1016 1264 1125 1307 populo
1163 1268 1338 1307 suspectum

224 1324 346 1356 reddere
370 1327 526 1363 statuunt,
552 1327 706 1366 sperantes
730 1324 773 1355 ita
798 1324 875 1364 sore,
902 1328 934 1356 ut
958 1329 1010 1356 aut
1031 1324 1185 1356 decretum
1207 1324 1244 1356 de
1261 1324 1339 1356 bello

223 1385 254 1416 in
287 1383 391 1415 Sicilia
421 1383 568 1426 gerendo,
593 1383 680 1416 euius
704 1383 754 1415 ille
778 1384 941 1416 acerrimus
966 1385 1063 1416 fuerat
1086 1395 1205 1424 suasor,
1230 1385 1339 1416 rescin-

223 1443 353 1483 deretur,
386 1447 439 1475 aut
470 1443 594 1483 saltem,
620 1444 731 1476 ducum
756 1443 942 1486 peritissimo
974 1447 1104 1483 remoto,
1130 1443 1204 1475 illud
1226 1443 1338 1476 bellum

222 1513 281 1535 non
315 1502 396 1534 felici
427 1502 479 1534 illo
511 1506 619 1535 eventu
639 1506 802 1546 gereretur,
827 1515 932 1546 quem,
957 1515 991 1536 eo
1015 1504 1106 1544 duce,
1131 1503 1232 1536 animo
1256 1514 1338 1546 prae-

223 1562 379 1604 sagiebant
394 1563 430 1604 ¹).
477 1562 643 1605 Quumque
670 1575 738 1596 eum
763 1563 886 1596 deorum
911 1563 1076 1607 patriorum
1100 1566 1338 1606 contemptorem

223 1633 285 1654 esse
308 1622 478 1662 novissent,
503 1621 595 1664 idque
619 1622 689 1655 data
713 1623 868 1655 occasione
886 1623 989 1656 multis
1009 1623 1195 1667 argumentis
1214 1622 1339 1666 probare

222 1693 253 1713 se
286 1692 375 1724 posse
410 1681 539 1721 scirent,
574 1682 651 1714 nihil
686 1682 835 1715 habebant
866 1683 1039 1726 antiquius,
1070 1694 1161 1725 quam
1190 1686 1225 1714 ut
1255 1683 1340 1725 prius

222 1740 366 1773 adversus
400 1752 521 1782 omnes,
562 1742 614 1784 qui
650 1742 686 1774 de
721 1742 810 1775 rebus
844 1742 958 1775 divinis
997 1742 1120 1775 liberius
1156 1743 1338 1785 cogitarent,

222 1801 411 1843 popularium
431 1802 548 1834 animos
570 1802 758 1835 stimularent
778 1803 1009 1846 incitarentque.
1039 1803 1121 1847 Ergo
1140 1806 1228 1835 nocte
1247 1814 1337 1844 quam

221 1860 426 1894 occultissime
448 1861 572 1894 deorum
593 1862 768 1902 simulacra,
787 1874 864 1905 quac
884 1867 969 1895 erant
990 1866 1059 1895 ante
1080 1863 1214 1895 omnium
1234 1862 1338 1894 oculos

222 1920 380 1960 mutilant,
404 1920 507 1963 itaque
530 1922 588 1954 toti
612 1921 724 1965 populo
749 1925 862 1954 metum
887 1923 1080 1965 religiosum,
1099 1923 1338 1964 acerrimumque

223 1979 366 2012 adversus
395 1980 506 2024 impios
537 1981 639 2013 odium
664 1981 830 2013 incutiunt.
878 1982 921 2013 Re
945 1981 975 2013 in
1001 1982 1142 2014 contione
1166 1981 1335 2024 proposita,

259 2109 278 2141 ¹)
298 2106 338 2135 Cf.
357 2106 438 2136 Grote
456 2116 482 2144 p.
501 2107 560 2138 1⁷1.
