1536 2526
741 208 782 236 54

212 314 262 344 ἐπὶ
299 315 340 351 τῷ
373 313 458 350 δήμῳ
492 313 543 343 ὑπ’
575 311 688 344 ἐκείνου
719 311 812 343 ἐδόκει
847 312 1037 350 πραιχθῆνκι.
1084 311 1165 343 Satis
1193 312 1317 344 obscure

212 372 284 403 hacc
318 371 399 403 dicta
434 374 524 409 sunt,
558 381 611 402 nec
643 370 727 402 facile
758 370 885 412 reperias
917 380 978 411 quo
1009 369 1098 402 modo
1130 370 1255 402 alterum
1280 380 1316 402 ex

212 429 305 462 altero
328 433 480 471 sequatur.
526 430 632 470 Quid?
671 429 813 464 Quoniam
840 429 1037 460 Athenienses
1059 429 1207 471 putabant
1230 440 1260 460 se
1280 428 1317 460 de

214 488 444 530 Hermocopidis
483 488 637 519 veritatem
676 487 869 529 comperisse¹
904 498 1006 526 eryone
1042 486 1188 529 putabant
1220 488 1340 519 eodem⁴

212 547 390 579 evertendae
415 546 596 588 reipublicae
620 546 746 578 consilio
770 545 910 587 mysteria
934 545 971 576 ab
994 545 1150 577 Alcibiade
1168 556 1230 576 esse
1251 556 1316 587 pro·

214 607 334 638 sanata?
361 605 506 647 Aequales
526 604 712 646 Thucydidis
735 615 794 635 non
811 607 856 635 est
873 603 998 635 dubium
1015 605 1089 645 quin
1105 604 1171 635 eius
1187 607 1316 635 mentem

212 665 324 706 optime
349 664 570 706 perspexerint3
594 663 679 695 nobis
703 673 774 694 vcro
798 674 832 693 ea
855 673 890 693 ex
916 661 1074 693 Andocide
1098 662 1216 694 demum
1241 662 1318 694 fiunt

212 723 376 765 perspicua.
423 722 473 753 Sic
502 722 581 754 enirn
613 725 713 753 narrat
748 720 912 752 Dioclidem
945 720 1142 752 denunciasse
1171 721 1201 762 (ξ
1232 722 1316 762 42“);

213 783 318 820 ntia-24
355 781 379 812 δ’
407 781 504 812 εἰπεῖν
536 779 580 812 ἔτι
611 780 792 818 δεδογμένον
824 781 896 817 ἡμῖν
926 780 971 816 εἴη
1003 780 1052 811 δύο
1082 780 1139 817 μὲν
1169 779 1317 811 τάλαντα,

211 840 354 879 ἀργυρίου
374 839 485 871 διδόνκι
510 840 535 870 οἱ
555 839 624 870 ἀντὶ
647 841 704 870 τῶν
727 839 837 870 έκκτὲν
858 840 940 876 μνῶν
957 840 1016 870 τῶν
1037 839 1071 870 ἐκ
1089 841 1142 870 τοῦ
1161 838 1317 876 δημοσίου,

212 900 264 930 ἐὰν
280 899 309 930 δὲ
333 900 424 936 ἡμεῖς
447 898 663 937 κατάσχωμεν
682 897 702 929 ἃ
725 896 914 935 βουλόμεθα,
929 897 983 929 ἕνκ
998 898 1091 929 αὐτὸν
1105 898 1189 935 ἡμῶν
1206 895 1319 928 sivan?

212 958 283 990 Non
307 969 376 1000 ergo
400 958 519 989 nomina
544 961 664 989 tantum
689 968 806 988 reorum
838 956 947 988 detulit
977 956 1150 995 Dioclides,
1179 955 1231 988 sed
1261 955 1319 987 hoc

212 1028 334 1059 quoquc
368 1016 470 1055 addit,
507 1028 557 1048 eos
594 1016 778 1058 conspirasse
814 1016 844 1047 in
879 1015 1023 1058 patriam,
1061 1019 1091 1046 et
1122 1015 1234 1046 nefario
1265 1025 1319 1046 suo

214 1076 346 1108 facinore
369 1075 479 1107 liberae
503 1075 545 1107 rei
578 1075 717 1117 publicae
748 1077 896 1116 spectasse
929 1074 1100 1116 perniciem.
1145 1073 1186 1104 Et
1213 1072 1320 1105 callide

214 1135 435 1177 prudenterque
459 1135 503 1166 ita
527 1133 720 1165 denunciavit
744 1132 908 1164 Dioclides.
954 1132 1034 1163 Nam
1065 1131 1124 1163 nisi
1155 1131 1212 1163 hoc
1237 1131 1320 1163 addi-

213 1194 323 1233 disset,
357 1204 416 1224 non
440 1193 632 1224 satisfecisset
659 1191 788 1234 populo;
812 1191 837 1222 si
862 1202 912 1222 eos
935 1191 1059 1222 dixisset
1085 1201 1100 1222 e
1124 1201 1204 1222 mera
1227 1189 1321 1222 ebrie-

214 1255 277 1284 tate
307 1255 396 1294 atque
431 1250 660 1293 intemperantia
691 1250 818 1282 Hermas
849 1249 1020 1288 mutuasse,
1045 1249 1157 1281 nullam
1184 1249 1211 1281 ci
1232 1248 1320 1280 fidem

214 1310 390 1342 habuissent
422 1309 639 1347 Athenienses,
674 1319 711 1340 ne
746 1308 783 1339 de
817 1307 957 1350 praemiis
992 1307 1088 1338 dicam
1121 1310 1152 1339 et
1181 1307 1322 1340 laudibus

213 1369 334 1411 publice
362 1368 499 1401 decretis.
546 1367 607 1407 Qui
641 1367 720 1398 enim
751 1366 842 1398 semel
866 1366 1032 1408 periculum
1065 1366 1177 1408 patriae
1208 1366 1321 1408 impen-

213 1427 286 1459 dens
310 1427 347 1460 ab
371 1426 584 1470 optimatibus,
620 1425 732 1467 quibus
762 1425 893 1457 ἅπαντα
929 1422 1125 1468 ἦνζτυρκννὶς
1151 1424 1202 1456 καὶ
1231 1424 1321 1462 ξυνω·

213 1486 308 1524 μότκι
331 1486 430 1519 animo
454 1485 674 1528 concepissent,
699 1495 750 1516 eos
775 1484 917 1516 credibile
940 1487 985 1516 est
1009 1483 1096 1516 facile
1113 1494 1214 1516 aurem
1238 1495 1321 1527 prae-

215 1545 316 1577 buisse
339 1545 436 1577 cuivis
462 1545 571 1583 indici,
596 1544 684 1576 modo
708 1543 844 1575 homines
866 1542 982 1575 nobiles
1005 1543 1189 1582 nominaret,
1219 1543 1321 1575 simul-

215 1615 274 1646 que
297 1614 401 1635 eorum
425 1603 588 1645 periculosa
611 1602 792 1645 reipublicae
816 1602 941 1633 consilia
968 1601 1105 1644 proderet
1113 1614 1122 1641 ς
1152 1601 1206 1643 qui
1229 1601 1255 1633 si
1278 1601 1323 1633 ita

215 1662 427 1701 denunciaret,
463 1662 558 1704 parati
592 1664 677 1694 erant
711 1661 810 1700 cives,
851 1659 998 1692 libertatis
1036 1660 1181 1700 studiosi,
1222 1662 1323 1702 aperta

217 1721 370 1753 mendacia
393 1725 424 1753 et
447 1720 590 1752 ridiculas
613 1720 867 1752 contradictiones
894 1729 1090 1761 concoquere.
1135 1718 1274 1751 Profecto
1297 1718 1323 1751 si

216 1779 371 1811 Dioclides
394 1783 446 1811 aut
469 1780 506 1811 tle
530 1779 689 1821 impiorum
722 1778 884 1810 hostilibus
914 1777 1047 1810 consiliis
1078 1777 1238 1817 tacuisset,
1269 1779 1324 1809 aut

217 1838 317 1870 minus
340 1838 457 1870 nobiles
479 1838 615 1870 homines
639 1837 816 1876 indicasset,
841 1848 902 1869 non
925 1836 1022 1868 solum
1040 1836 1065 1868 οἱ
1091 1838 1156 1868 νοῦν
1175 1835 1321 1875 ἔχοντες,

217 1897 268 1929 sed
292 1897 450 1929 universus
473 1896 602 1939 populus
624 1896 726 1928 statim
753 1895 954 1932 observasset,
978 1906 1038 1926 non
1061 1905 1147 1937 posse
1167 1893 1323 1926 inter-lunii

217 1959 349 1998 tempore
376 1955 513 1987 homines
543 1955 581 1986 ad
611 1955 699 1986 lunae
732 1954 832 1986 lumen
863 1953 1002 1997 agnosci,
1036 1953 1198 1995 statimque
1233 1953 1324 1986 homo

218 2015 286 2046 falsi
310 2014 415 2046 indicii
439 2013 570 2046 dedisset
593 2024 714 2056 poenas.
761 2013 844 2045 Idem
868 2016 898 2044 et
923 2012 1094 2044 Andocides
1117 2011 1305 2055 intelligebat
1313 2024 1323 2051 ς

217 2083 305 2116 ergo,
340 2072 422 2114 quod
450 2071 606 2104 Dioclides
636 2071 672 2103 de
702 2071 863 2113 impiorum
892 2071 1026 2103 consiliis
1057 2070 1190 2110 dixerat,
1221 2070 1259 2103 de
1288 2080 1324 2102 eo
