1536 2526
744 218 784 248 32

211 327 370 358 convictus
393 326 660 364 ψευδεμκρτυριῶν
685 324 811 355 crimine
840 323 899 365 peti
924 327 1057 365 poterat,
1088 322 1267 365 impunitate
1291 322 1317 352 ei

211 398 286 428 opus
310 397 368 417 non
394 389 468 417 erat.

255 445 344 485 Quod
381 445 490 476 attinet
523 444 560 475 ad
596 443 726 486 praemia
763 454 814 484 pro
850 441 971 473 indiciis
1003 440 1168 483 proposita,
1203 443 1318 483 praeter

211 504 291 536 istud
312 504 494 543 ’Λνδρεκλῆς
517 503 589 541 ὑπὲρ
610 506 666 537 τῆς
685 502 819 540 βουλῆς,
845 501 924 544 quod
951 511 1038 532 nemo
1057 499 1203 542 intelligit
1219 508 1317 540 neque

210 563 419 595 intellecturus
453 567 515 601 est,
551 567 650 593 orator
681 561 767 592 docet
799 562 816 603 ξ
842 561 914 598 27”,
947 559 1078 601 praemia
1102 559 1172 597 ista,
1203 557 1316 600 pridem

209 622 380 664 proposita,
418 621 532 652 iudicio
567 620 670 651 habito
702 620 770 651 data
802 630 865 650 esse
899 617 1109 650 Andromacho
1139 620 1170 648 et
1191 616 1317 648 Teucro.

210 681 321 712 Verum
358 679 586 711 Andromachus
620 679 740 710 nonnisi
772 678 808 710 de
839 677 988 719 mysteriis
1017 676 1182 720 profanatis
1205 675 1319 707 indica·

210 744 308 771 verat:
340 739 381 770 illi
406 745 504 770 tamen
531 739 627 770 maius
655 738 821 780 praemium
844 737 989 776 solvitur,
1020 746 1112 778 quum
1137 734 1216 777 apud
1237 733 1318 765 Thu·

209 798 344 841 cydidcm
382 798 464 830 nulla
496 798 535 829 sit
567 798 679 830 mentio
711 797 929 840 praemiorum,
955 807 1033 837 quae
1063 795 1101 826 iis
1123 804 1319 838 proponeren—

209 862 274 896 tur,
319 857 371 899 qui
407 857 443 889 de
477 857 546 888 aliis
581 857 789 899 impietatibus
831 860 930 888 essent
965 854 1185 887 denunciaturi.
1222 852 1318 885 Verba

209 917 288 948 enim
313 916 376 948 eius
407 916 478 948 haec
511 920 597 948 sunt:
631 917 682 947 xx)
709 917 778 951 τοὺς
804 916 981 955 δράσαντα-,τ
1006 914 1085 955 ᾔδειν
1109 913 1204 948 οὐδεὶς
1229 912 1318 945 ἀλλὰ

209 976 410 1015 μεγαέΛσις
436 976 651 1015 μηνύτροις
677 973 783 1007 εὖτ-εί
803 987 846 1006 τε
872 975 1100 1015 ἐζῃτοῦντο,
1125 974 1176 1005 xxi
1197 972 1317 1012 πραςέτι

209 1036 406 1074 ἐφηῷίσκντσ
443 1037 494 1067 xxi
531 1037 559 1067 εἴ
589 1048 634 1070 τις
669 1036 747 1067 ἀέλλῃ
773 1048 802 1066 τι
831 1034 909 1066 εἶδεν
932 1034 1085 1072 ἆτέβημκ
1110 1032 1318 1072 γεγενημένον

209 1096 273 1127 κτὲ.
315 1097 378 1127 Aut
423 1095 518 1138 igitur
558 1095 749 1137 Thucydides
789 1106 894 1137 parurn
933 1097 1072 1126 accurate
1106 1093 1230 1131 scribit,
1265 1095 1319 1124 aut

208 1155 308 1186 omnia
343 1166 455 1196 susque
493 1155 588 1196 deque
629 1154 719 1186 habet
755 1154 937 1186 Andocides,
993 1153 1070 1185 Ecce
1105 1152 1205 1184 subito
1243 1152 1318 1183 istae

209 1214 298 1246 semel
334 1213 420 1245 datae
451 1218 480 1244 et
511 1213 723 1244 adnumeratae
754 1217 874 1244 centum
905 1213 1003 1244 minae
1034 1213 1123 1252 §41⁵-
1147 1222 1192 1252 sq.
1223 1221 1317 1242 rever-

209 1276 326 1304 tuntur.
376 1272 535 1303 Inducitur
565 1272 643 1303 enim
680 1271 832 1304 Dioclides
866 1271 983 1303 senatui
1016 1282 1155 1310 narranS‚
1186 1269 1244 1302 sibi
1275 1269 1318 1302 ita

209 1342 276 1363 cum
303 1330 461 1363 Andocide
484 1331 610 1373 eiusque
633 1330 785 1362 sodalibus
810 1330 1002 1369 convenisse,
1033 1334 1067 1361 ut
1097 1329 1176 1361 intra
1207 1328 1318 1360 mensis

208 1390 338 1433 spatium
363 1390 421 1421 sibi
446 1401 499 1432 pro
517 1390 648 1432 praemio
671 1392 790 1421 centum
812 1390 978 1428 minarum,
1003 1389 1122 1431 publice
1145 1388 1316 1431 proposito,

208 1449 268 1480 duo
294 1448 406 1480 talenta
429 1451 527 1480 essent
551 1448 668 1487 daturi,
693 1460 723 1480 se
742 1452 858 1487 autem,
884 1448 921 1480 ab
945 1447 1102 1480 Andocide
1121 1448 1317 1486 destitutum,

208 1518 288 1539 nunc
312 1507 559 1539 denuntiaturum
583 1507 614 1538 in
643 1511 780 1539 senatum
805 1507 916 1539 venire.
963 1507 1059 1539 Credo
1084 1517 1233 1548 quemque
1261 1507 1318 1539 boc

208 1567 251 1599 ita
285 1577 402 1598 mecum
438 1577 500 1599 esse
530 1566 768 1609 explicaturum,
804 1566 983 1605 Dioclidem,
1022 1566 1153 1609 praemio
1188 1565 1317 1598 duorum

209 1625 391 1658 talentorum
423 1626 611 1666 fraudatum,
643 1638 722 1658 nunc
746 1626 853 1658 saltem
879 1626 945 1658 illas
969 1629 1090 1658 centum
1113 1626 1209 1658 minas
1231 1625 1318 1657 amit-

209 1689 271 1718 tere
295 1686 385 1718 nolle.
432 1688 481 1718 An
505 1689 566 1717 tam
591 1685 719 1728 probum
742 1697 810 1718 eum
835 1685 927 1717 fuisse
951 1685 1066 1724 credas,
1092 1687 1124 1717 ut
1149 1684 1226 1716 illud
1248 1695 1318 1716 con-

209 1745 344 1777 stituerit
367 1749 506 1788 tempus,
531 1756 591 1787 quo
614 1745 713 1787 elapso
737 1746 796 1777 iam
820 1744 950 1787 praemia
975 1744 1044 1783 illa,
1068 1743 1188 1786 publice
1210 1754 1317 1786 propo-

210 1804 285 1844 sita,
310 1807 409 1836 essent
432 1804 589 1838 dissoluta.
630 1804 686 1835 Vel
709 1804 752 1843 si,
778 1808 812 1836 ut
835 1804 961 1836 affirmat
986 1803 1172 1843 Andocides,
1196 1813 1317 1846 prorsus

210 1863 283 1895 falsa
313 1863 372 1895 fuit
401 1863 465 1895 eius
492 1863 639 1902 narratio,
672 1866 771 1894 tamen
804 1863 953 1895 hominem
979 1867 1039 1895 tam
1063 1874 1167 1905 parum
1191 1873 1315 1894 avarum

211 1925 332 1963 tamque
367 1921 404 1953 ab
437 1922 518 1954 omni
555 1921 719 1964 cupiditate
753 1926 901 1954 remotum
940 1922 1031 1954 fuisse
1071 1922 1243 1961 arbitraris,
1282 1925 1317 1954 ut

211 1993 277 2013 cum
314 1981 422 2023 capitis
459 1982 505 2012 sui
543 1981 673 2024 periculo
707 1985 803 2013 totum
839 1981 920 2013 istud
959 1982 1145 2014 mendacium
1181 1981 1315 2021 finxerit,

211 2051 304 2081 quum
337 2040 394 2071 iam
426 2040 509 2071 nulla
540 2052 607 2082 spes
635 2040 709 2071 lucri
740 2044 917 2082 superesset.
968 2042 1030 2073 Aut
1060 2052 1130 2083 ergo
1158 2045 1258 2073 orator
1285 2041 1316 2072 in

213 2097 263 2129 illa
285 2098 322 2129 de
347 2098 482 2130 Dioclide
506 2099 675 2131 narratione
705 2111 808 2141 parum
839 2103 976 2132 accurate
1009 2104 1143 2132 versatus
1172 2103 1233 2139 est,
1265 2101 1317 2131 aut
