1536 2526
739 199 755 225 5

187 303 269 335 vult:
296 314 443 345 namque,
469 304 541 336 dum
575 304 736 347 impugnat
758 305 938 336 sententiam
971 315 1091 344 eorum,
1118 305 1171 346 qui
1196 306 1306 347 putant

187 361 316 394 Hermas
341 362 496 394 mutilatas
519 374 582 395 esse
606 375 623 395 a
643 363 852 395 coniuratione
873 363 1084 406 optimatium,
1106 375 1141 395 eo
1162 363 1304 402 consilio,

184 426 218 454 ut
238 421 411 454 Alcibiades
436 422 467 453 in
490 423 691 465 suspicionem
716 426 888 462 vocaretur,
912 434 972 454 non
998 423 1055 454 nisi
1079 423 1153 455 illud
1178 423 1302 466 probat,

183 480 342 524 populares
377 481 514 513 homines
550 481 626 513 illud
660 482 776 513 facinus
808 482 838 513 in
870 493 957 513 suum
991 493 1079 514 usum
1110 482 1304 514 convertisse.

183 539 282 572 Causa
305 540 413 571 erroris
437 540 510 572 haec
533 544 594 579 est,
619 541 702 583 quod
727 553 823 583 neque
848 541 897 573 ille
923 552 1021 583 neque
1041 541 1095 573 alii
1119 541 1193 572 satis
1217 552 1303 573 accu-

183 601 247 631 rate
266 599 412 631 rationem
432 599 600 646 habuerunt
619 601 764 633 sermonis
783 600 991 643 Tbucydidei5
1017 612 1110 633 unum
1135 604 1215 632 certe
1239 612 1303 633 ver·

183 658 256 690 bum
291 659 415 690 omnino
450 659 657 701 neglexerunt.
694 660 742 692 lta
776 660 854 692 enim
890 659 946 692 Th.
982 660 1106 692 scribit:
1138 660 1190 692 xxi
1216 660 1300 692 αὐτὰ

184 717 563 756 ὑπολαμβάνοντες
587 720 611 751 oi
634 720 781 757 admo-‘rx
799 721 841 759 τῷ
861 719 1051 759 ’Λλκιβιάδῃ
1072 720 1299 759 ἀχθόμενοι...

182 777 378 817 ἐμεγάλυνον
418 778 470 810 και)
507 779 602 817 ἐβόων
639 780 704 811 κτέ.
763 780 859 821 Atqui
895 779 1119 818 ὑπολαμβάνει
1151 781 1191 820 is,
1231 782 1301 824 qui,

181 838 264 880 quod
298 838 377 870 alius
412 839 512 870 dicere
543 838 693 878 instituit,
723 839 855 882 excipit,
889 840 961 881 qui,
994 839 1074 881 quod
1105 839 1142 871 ab
1169 839 1227 872 alio
1258 844 1304 872 est

181 897 375 935 inchoatum,
395 898 432 930 ad
453 909 521 930 eum
541 898 630 930 finem
652 898 806 940 perducit,
828 910 917 940 quem
936 899 1000 941 ipse
1020 898 1149 931 maxime
1167 900 1252 942 cupit
1265 901 1301 942 ¹),

179 956 251 989 Non
275 968 347 1000 ergo
371 957 473 989 statim
494 961 565 1000 post
585 957 702 990 facinus
723 959 916 990 commissum
938 958 1096 1002 demagogi
1111 958 1301 992 Alcibiadem

177 1016 309 1058 aggressi
337 1021 422 1056 sunt,
458 1017 511 1048 sed
546 1021 611 1049 tum
635 1017 773 1056 demum,
810 1028 904 1059 quum
935 1017 973 1050 ab
1003 1018 1073 1050 aliis
1097 1019 1162 1050 eius
1185 1019 1300 1051 mentio

178 1075 257 1107 sacta
280 1079 373 1115 esset,
397 1075 524 1107 clamare
547 1081 578 1107 et
602 1076 760 1108 vociferari
785 1080 962 1119 coeperunt,
987 1077 1118 1119 dataque
1141 1078 1297 1111 occasione

178 1135 224 1167 usi
247 1138 318 1166 sunt
341 1134 373 1166 in
397 1135 508 1167 aemuli
531 1135 579 1166 sui
603 1135 777 1178 perniciem.

222 1193 386 1226 Videamus
421 1194 482 1226 iam
517 1194 592 1236 quid
628 1194 712 1226 inde·
730 1199 883 1236 sequatur.
930 1195 979 1234 Si,
1012 1195 1044 1227 id
1075 1196 1156 1238 quod
1189 1197 1294 1229 multis

178 1253 292 1296 placere
315 1253 403 1286 video
428 1255 468 1296 ²),
494 1254 632 1286 homines
654 1254 856 1286 adolescentes
879 1266 897 1286 a
917 1266 1010 1287 coena
1028 1255 1206 1295 redeuntes,
1230 1267 1291 1288 non

173 1395 309 1431 disputare
327 1395 447 1428 videbor,
468 1395 498 1422 fit
518 1396 578 1428 hoc,
599 1396 722 1431 quoniam
742 1395 788 1423 ille
806 1396 901 1423 ceteris
921 1397 1004 1432 magis
1017 1397 1107 1424 omnia
1120 1400 1290 1433 argumenta,

172 1438 269 1474 partim
288 1438 340 1465 iam
360 1438 392 1465 ab
412 1437 472 1465 nliis
492 1440 609 1474 prolata,
629 1447 696 1474 quae
715 1448 774 1466 cum
796 1449 853 1466 mea
872 1440 1006 1467 sententia
1021 1442 1139 1473 certant,
1160 1441 1186 1468 in
1206 1451 1288 1469 unum

172 1491 268 1518 corpus
286 1481 403 1517 collegit.
432 1480 504 1509 Nolo
524 1481 609 1509 hercle
628 1482 666 1508 ita
684 1483 838 1518 accipiatur,
858 1483 934 1518 quasi
954 1483 987 1510 de
1006 1483 1062 1511 viro
1081 1484 1198 1520 impense
1210 1484 1289 1512 docto

171 1526 199 1552 ct
221 1524 327 1561 egregio
345 1524 403 1551 eius
421 1524 489 1551 libro
508 1525 596 1552 minus
615 1524 757 1553 honorifice
776 1526 897 1554 iudicem.

208 1571 226 1605 ¹)
256 1571 283 1598 Si
311 1581 391 1607 quam
419 1571 617 1598 accuratissime
646 1571 698 1598 vim
729 1571 801 1599 verbi
830 1572 1043 1606 ὑπολαμβάνειν
1070 1572 1209 1605 describis,
1238 1573 1288 1601 hoc

170 1615 248 1644 credo
271 1614 331 1642 addi
354 1624 445 1651 posse,
470 1624 503 1642 nc
524 1615 556 1642 de
575 1625 605 1642 ea
630 1615 737 1651 quidem
757 1625 784 1644 rc
803 1617 937 1653 usurpari,
957 1626 1024 1653 quac
1044 1626 1072 1645 se
1091 1627 1154 1645 casu
1174 1618 1286 1646 fortuito

169 1659 250 1686 alicui
273 1658 362 1691 offert,
386 1658 431 1686 scd
455 1657 486 1685 de
508 1668 539 1685 ea
560 1661 666 1685 tantum
685 1668 764 1694 quam
783 1662 856 1687 certo
875 1659 986 1687 consilio
1005 1659 1037 1686 nb
1057 1660 1110 1688 alio
1129 1661 1282 1688 institutam

168 1702 238 1730 alius
257 1701 361 1737 arripit,
384 1703 411 1728 et
430 1701 457 1729 in
476 1710 552 1728 suum
574 1711 650 1728 usum
670 1702 816 1736 convertit,
836 1703 874 1730 ita
894 1705 925 1730 ut
944 1712 997 1730 non
1018 1704 1102 1740 possit
1120 1704 1282 1737 Ncwtonus,

167 1759 248 1787 quum
264 1757 371 1785 pomum
386 1748 418 1776 de
432 1749 524 1776 arbore
538 1747 662 1777 decidens
676 1748 800 1781 vidisset,
820 1751 892 1777 recte
907 1749 959 1777 dici
974 1749 1048 1776 illam
1062 1759 1117 1777 rem
1131 1749 1281 1784 ὑπολαβὼν

168 1793 252 1829 legem
271 1802 409 1829 corporum
428 1793 578 1820 cadentium
598 1794 776 1829 excogitasse;
797 1794 840 1821 scd
860 1793 906 1821 ille
924 1796 1031 1821 tautum
1050 1794 1177 1830 physicus
1196 1795 1280 1831 pbilo-

165 1837 265 1872 sophus
289 1836 335 1872 qui
360 1836 405 1863 alii
429 1836 568 1864 inventum
591 1845 668 1864 suum
694 1837 812 1873 surripit.
849 1837 947 1864 Verum
975 1837 1052 1870 baec,
1076 1838 1199 1874 quoniam
1220 1839 1280 1866 sub·

165 1878 241 1906 tilius
271 1879 408 1915 disputata
428 1879 510 1907 videri
542 1881 666 1915 possunt,
697 1878 730 1906 ad
762 1880 949 1907 annotationes
976 1880 1104 1916 relegavi,
1133 1881 1278 1917 statimque

164 1920 351 1949 demonstrabo
382 1930 422 1949 mc
447 1921 528 1949 etiam
560 1922 616 1950 sine
647 1922 726 1949 huius
755 1923 902 1958 argumenti
930 1923 1031 1951 auxilio
1055 1921 1165 1951 'causam
1194 1934 1278 1952 meam

163 1964 302 1992 defendere
321 1973 406 2000 posse.

198 2007 219 2041 ²)
244 2006 277 2034 In
303 2006 344 2033 bis
367 2006 487 2034 Gilberto
509 2017 534 2043 p.
560 2009 623 2040 252,
647 2008 693 2043 qui
715 2010 805 2035 tami-n
827 2018 853 2044 p.
873 2010 924 2038 267
943 2008 1056 2037 ridicule
1074 2019 1123 2038 suo
1141 2019 1169 2038 tc
1188 2009 1278 2046 gladio

162 2049 280 2085 iugulat,
304 2049 363 2082 ubi,
388 2051 527 2085 postquam
551 2060 583 2078 cx
607 2050 761 2087 Thucydide
786 2051 916 2084 narravit,
936 2052 968 2079 ab
988 2052 1126 2088 inquilinis
1145 2053 1278 2088 servisque

161 2092 306 2120 indicatum
333 2101 389 2119 esse
412 2091 444 2119 dc
467 2091 528 2119 aliis
551 2093 700 2120 simulacris
725 2093 870 2126 mutilatis,
900 2094 962 2122 haec
991 2094 1078 2122 addit:
1106 2095 1155 2126 ¹In
1180 2104 1277 2123 uuscru
