1536 2526
743 228 784 257 28

208 335 300 377 patris
335 346 442 366 nomen
477 335 600 373 addere,
631 335 662 366 in
697 334 788 366 altero
823 334 982 373 omittere,
1020 334 1193 377 pracsertim
1223 344 1317 376 quum

207 393 330 424 ulterius
352 393 523 425 Charmidis
547 405 635 425 causa
657 393 717 425 alia
739 394 829 425 ctiam
851 393 1026 425 difficultate
1050 397 1221 436 prematur,
1246 397 1317 425 nota

207 452 329 494 quidem
353 452 506 491 omnibus,
530 464 620 495 quam
646 456 744 484 tamen
766 464 868 491 nemo,
889 456 1036 494 quantum
1056 453 1118 484 scio
1137 453 1207 484 data
1227 464 1317 495 opera

209 511 392 543 tractaverit.
429 511 610 543 Plutarchus
640 523 745 554 nempe
776 523 835 543 non
863 511 1052 543 Charmidem
1082 511 1132 543 sed
1160 511 1317 543 Timaeum

209 571 335 602 affirmat
367 570 531 602 Androcidi
561 571 707 609 suasisse,
740 575 773 602 ut
804 571 959 602 civitatem
986 570 1147 602 formidine
1171 570 1318 604 liberaret.

211 629 270 661 llic
303 628 442 670 equidem
479 640 575 671 neque
599 629 717 660 credere
742 640 881 672 possum,
907 629 1102 661 Plutarchum
1129 628 1186 660 hoc
1209 640 1318 661 nomeu

210 700 269 720 non
296 688 325 719 in
351 699 406 719 suo
431 688 512 719 sonte
537 688 717 730 repperisse,
743 688 793 720 sed
818 688 854 720 de
878 699 934 719 suo
954 688 1091 726 finxisse,
1114 699 1211 729 neque
1229 687 1319 720 ullam

210 758 329 778 causam
354 747 459 783 video,
484 757 538 778 cur
561 747 592 778 in
617 747 668 778 tali
693 758 723 778 re
750 747 900 779 Andocidi
924 747 1013 778 fidem
1038 746 1215 779 habeamus.
1247 747 1320 779 Non

210 806 289 837 enim
315 806 344 837 in
369 807 490 837 nominc
514 809 633 837 tantum
658 805 830 838 Andocides
854 817 870 837 a
890 805 1054 837 Plutarcho
1078 805 1249 848 discrepat,
1268 806 1320 838 sed

211 868 241 895 ct
275 868 338 896 tota
372 865 490 896 consilii
524 864 606 897 illius
640 866 771 897 narratio
806 865 892 908 plane
928 865 1066 908 opposita
1097 868 1144 897 est
1166 865 1218 905 iis,
1243 876 1321 908 quae

211 923 290 966 apud
324 924 529 966 Thucydidem
562 928 590 955 et
625 924 820 956 Plutarchum
851 924 1001 967 leguntur.
1035 924 1121 964 Quae
1139 925 1220 956 enim
1242 925 1322 957 Thu·

212 983 334 1024 cydides
361 987 391 1015 et
419 983 600 1015 Plutarchus
631 983 742 1015 habent
773 984 878 1015 eodem
911 984 972 1015 fere
1002 984 1147 1015 redeunt:
1173 984 1322 1016 Andocidi

212 1042 341 1074 suasisse
377 1043 472 1074 virum
509 1042 677 1084 quendam,
709 1043 762 1084 qui
799 1046 861 1074 erat
892 1043 923 1074 in
959 1043 1060 1074 eadem
1098 1043 1253 1082 custodia,
1289 1046 1323 1075 ut

213 1112 340 1143 paucos,
366 1101 430 1132 sive
454 1112 521 1132 vere
544 1102 607 1132 sive
631 1101 704 1132 salso
727 1101 892 1140 indicaret,
923 1105 1036 1134 ceteros
1059 1102 1192 1144 periculo
1215 1102 1323 1135 libera·

214 1163 268 1191 ret.
315 1160 392 1199 Quis
416 1171 475 1190 non
500 1160 601 1191 statim
627 1160 726 1199 videt,
758 1161 862 1202 quanti
888 1160 1060 1192 interfuerit
1083 1161 1268 1200 Andocidis‚
1291 1161 1322 1193 in

214 1217 327 1249 iudicio
351 1217 381 1249 id
406 1218 504 1260 ipsum
529 1219 574 1250 vel
598 1219 788 1261 apertissimo
819 1219 975 1251 mendacio
1007 1231 1129 1262 negare,
1162 1231 1252 1262 seque
1275 1220 1324 1252 de-

215 1280 380 1308 monstrare
404 1288 463 1308 non
487 1277 560 1308 alios
582 1277 794 1316 denunciasse,
820 1289 910 1319 quam
931 1289 1009 1319 quos
1028 1279 1118 1310 sciret
1142 1280 1270 1311 maxime
1293 1281 1324 1311 in

215 1335 301 1377 culpa
325 1347 398 1367 esse.
447 1336 539 1376 Atqui
572 1336 720 1367 Andocidi
751 1337 874 1368 suadere
911 1337 972 1368 εἴτε
1006 1337 1058 1368 ’cxl
1086 1337 1127 1368 τοὶ
1160 1338 1234 1369 ἔντκ
1264 1350 1323 1376 μη-

216 1397 323 1429 want.
350 1395 412 1426 εἴτε
437 1395 488 1426 xx}
514 1395 558 1432 μή
584 1398 701 1426 tantum
727 1396 842 1428 alienus
871 1396 994 1438 quidam
1020 1400 1050 1428 et
1082 1402 1169 1429 antea
1202 1398 1325 1440 ignotus

217 1457 346 1495 poterat:
372 1457 405 1485 ut
429 1465 499 1495 ergo
523 1454 625 1495 aliqua
649 1465 716 1485 cum
741 1455 802 1486 veri
827 1455 924 1497 specie
943 1456 1039 1497 possit
1056 1456 1195 1498 probare,
1220 1467 1251 1488 se
1276 1456 1325 1488 illo

216 1511 329 1543 indicio
353 1512 395 1543 illi
419 1513 544 1555 gessisse
576 1523 706 1551 morem,
739 1513 792 1555 qui
817 1525 848 1545 se
872 1513 908 1545 de
932 1515 1040 1556 patris,
1071 1515 1223 1553 affinium,
1252 1515 1325 1546 ami-

216 1581 317 1601 corum
353 1571 484 1612 periculo
519 1571 742 1612 admonuisset,
782 1583 872 1614 seque
909 1584 978 1615 prae
1013 1574 1118 1605 ceteris
1153 1578 1325 1617 suspectum

217 1640 278 1660 esse
302 1640 361 1660 non
391 1630 474 1672 vulgi
500 1630 669 1661 rumoribus
694 1631 911 1669 inaudivissct,
941 1632 992 1664 sed
1018 1633 1084 1664 ideo
1107 1633 1213 1672 sciret,
1245 1633 1326 1675 quod

216 1699 299 1719 suam
332 1699 398 1720 cum
432 1689 594 1731 Euphileto
623 1695 722 1721 nosset
756 1691 1007 1730 familiaritatem,
1044 1696 1077 1723 ut
1112 1692 1168 1723 hoc
1204 1693 1326 1734 inquam

218 1747 341 1789 probare
365 1748 473 1790 possit,
500 1760 553 1790 pro
571 1748 696 1781 Timaeo
721 1750 778 1781 isto
802 1750 923 1782 fratrem
943 1761 1032 1782 suum
1052 1751 1212 1783 amitinum
1237 1751 1328 1784 Char·

218 1806 327 1837 midem
358 1806 525 1839 substituit.
573 1807 657 1847 Quae
687 1812 837 1850 praeterea
869 1809 898 1840 in
928 1809 987 1840 ista
1020 1810 1186 1841 Anrlocidis
1209 1810 1246 1843 de
1272 1821 1328 1843 suo

219 1865 332 1897 indicio
356 1867 527 1898 narratione
551 1867 645 1898 insint
669 1868 808 1907 vulnera,
836 1879 902 1900 mox
927 1868 1108 1901 videbimus.

263 1925 280 1966 ᾧ
305 1926 360 1956 35¹·
387 1925 458 1956 haec
487 1926 645 1968 leguntur:
677 1930 810 1966 Τεῦκρος
830 1928 880 1958 ἐπὶ
902 1932 964 1962 τοῖς
984 1929 1113 1967 Ἐρμκῖς
1135 1929 1326 1966 ἐμήνυσε...

219 1982 435 2021 Φερεκλέα...
471 1985 626 2021 Minima.
664 1985 794 2025 Eorum,
819 1998 895 2028 quos
907 1987 1021 2018 Teucer
1043 1987 1253 2027 denunciavit,
1277 1988 1328 2020 alii

220 2042 343 2083 fugiunt
377 2042 426 2074 alii
463 2043 589 2085 capitale
624 2045 804 2087 supplicium
841 2046 1000 2088 patiuntur
1031 2046 1142 2087 (quod,
1174 2050 1209 2078 ut
1240 2058 1330 2090 supra

219 2101 437 2140 demonstravi,
470 2113 539 2134 cum
568 2103 744 2145 Thucydide
776 2105 894 2145 certat).
932 2105 1026 2146 Atqui
1053 2106 1184 2137 Meletus
1212 2106 1270 2138 iam
1293 2105 1331 2137 ab
