1536 2526
775 184 816 214 23

235 290 453 329 ἀσεβημάτων
477 291 621 334 perlatam
645 291 683 323 de
707 290 864 323 Alcibiade
887 290 1053 329 indicasse,
1077 292 1143 321 tota
1166 298 1232 320 mea
1250 286 1354 328 dispu-

235 350 327 390 tatio,
358 351 462 393 reique
491 351 658 394 expositio,
691 362 781 393 quam
811 349 1036 393 Thucydidem
1058 359 1121 381 esse
1145 347 1349 379 demonstrare

233 413 359 442 conatus
382 421 466 450 sum,
489 411 639 443 evertitur
661 414 693 442 et
715 410 840 442 corruit.
872 409 942 452 Ipse
966 412 1067 441 autem
1090 406 1284 449 Thucydides
1307 405 1351 436 ita

232 473 349 509 narrat,
374 473 425 510 ut,
449 469 524 512 quin
549 469 652 502 statim
671 469 714 501 illi
732 469 904 512 pedissequi
929 473 959 500 et
982 468 1125 510 inquilini
1145 467 1183 498 nd
1201 465 1347 509 populum

232 528 419 571 prodierint,
454 540 514 561 non
550 529 590 561 sit
625 529 707 571 quod
743 529 873 562 dubites.
909 528 1074 570 Postquam
1109 527 1189 559 enim
1224 525 1347 563 docuit,

231 599 324 631 quare
347 589 476 632 populus
508 589 538 620 in
563 588 744 631 inquirendo
766 588 803 621 de
829 588 1009 621 Hermarum
1038 587 1156 630 flagitio
1187 590 1247 617 tam
1281 595 1348 616 acer

230 649 340 687 fuerit,
363 649 467 680 statim
491 648 534 680 ita
557 649 673 691 pergit:
697 649 850 687 μηνύεται
872 647 921 681 οὖν
946 649 1004 680 ὑπὸ
1027 647 1178 686 μετοίκων
1202 646 1236 677 τὲ
1257 656 1346 676 τινων

230 707 284 739 καὶ
317 708 507 744 ἀκολούθων,
541 708 623 740 nullo
647 708 751 740 addito
775 709 943 748 vocabulo,
968 719 1028 750 quo
1051 707 1173 750 longius
1197 704 1348 748 quoddam

230 767 373 810 temporis
408 767 599 799 intervallum
635 768 833 810 significetur.
876 768 914 799 Et
944 768 1076 810 apertius
1106 767 1198 798 etiam
1228 765 1348 797 Plutar-

228 826 305 858 chus
323 828 364 868 ¹):
386 825 519 858 ἅπασαν
538 827 686 868 ἐξήταζον
707 829 819 867 πικρῶς
838 827 980 859 ὑπόνοιαν
1001 827 1019 864 ἰὶ
1036 839 1071 858 τε
1085 826 1184 864 fisum
1198 827 1345 857 συνιοῦσαι

228 886 295 925 περὶ
320 886 436 918 τούτων
458 886 511 918 καὶ
533 886 547 918 ὁ
572 887 666 925 δῆμος
691 888 733 923 ὠς
756 888 791 919 ἐν
816 882 975 926 aal'yxtq
1000 887 1162 926 ἡμέραις
1189 883 1345 919 πολλάκις

227 946 258 977 ἐν
294 946 324 977 δὲ
360 946 458 985 τούτῳ
487 946 610 982 δούλους
644 947 734 982 τινὰς
769 947 821 978 xx}
849 947 1010 985 μετοίκους
1043 946 1109 978 κτὲ.
1163 944 1247 985 Quid
1277 955 1348 975 vero

227 1005 408 1037 recentiores
443 1005 604 1038 historici?
640 1005 784 1048 Plerique
816 1017 920 1038 omnes
949 1007 980 1038 in
1011 1015 1047 1038 eo
1075 1004 1290 1042 consentiunt,
1315 1006 1349 1034 ut

226 1064 330 1105 dicant
365 1065 489 1108 longum
525 1076 588 1098 ease
623 1065 756 1108 elapsum
791 1069 927 1108 tempus,
963 1069 1124 1107 antequam
1155 1064 1192 1095 de
1223 1062 1344 1094 sceleris

225 1123 401 1156 auctoribus
436 1124 598 1166 quisquam
631 1125 775 1168 populum
811 1126 922 1157 faceret
957 1125 1125 1157 certiorem.
1172 1123 1253 1155 Satis
1287 1121 1345 1153 erit

224 1180 415 1223 Droysenum
436 1181 461 1222 ¹)
494 1181 662 1212 nominasse
693 1185 724 1212 et
755 1179 987 1223 Hertzbergium
1008 1181 1046 1222 ³).
1089 1179 1156 1211 Hoc
1189 1179 1265 1212 illud
1296 1184 1343 1212 est

224 1239 308 1282 quod
331 1239 423 1272 modo
448 1239 585 1272 dicebam
605 1251 675 1283 prae
695 1240 852 1272 Andocide
870 1239 1077 1282 Thucydidem
1099 1244 1292 1272 contemnere
1316 1244 1347 1272 et

224 1299 393 1342 negligere,
424 1303 455 1332 et
484 1310 522 1332 ex
554 1299 676 1332 alterius
708 1299 878 1332 narratione
902 1299 1026 1331 alterius
1048 1300 1256 1332 testimonium
1279 1311 1341 1332 non

259 1479 280 1513 ¹)
306 1476 367 1506 Alc.
385 1477 418 1505 18
437 1485 477 1512 oq.

258 1521 280 1554 ²)
308 1519 381 1548 Mus.
405 1519 493 1548 Rhcn.
516 1519 576 1553 111,
601 1520 666 1547 169:
696 1519 793 1548 Sobnld
819 1519 862 1547 die
879 1521 950 1548 That
968 1521 1094 1549 ruchtbar
1111 1521 1250 1557 gewordcn
1270 1532 1339 1557 war,

224 1562 326 1599 folgtcn
350 1561 591 1598 Rathssitzungcn,
614 1562 944 1599 Volksversammlungen,
964 1564 1064 1591 Ausi-ur
1079 1573 1126 1591 zur
1144 1565 1340 1593 Denunciation

221 1607 289 1635 auch
316 1616 369 1635 von
395 1605 612 1642 nnderweitigem
641 1606 868 1641 Religiomfrevel.
908 1607 975 1634 Man
1001 1607 1064 1634 fand
1091 1607 1170 1635 keinc
1197 1608 1268 1644 Spur
1295 1609 1342 1637 der

221 1651 328 1678 Thater.
355 1649 444 1677 Schon
468 1659 555 1676 waren
580 1648 622 1676 die
642 1648 866 1685 Bundestruppcn
885 1649 913 1676 in
931 1650 1034 1683 Athen,
1054 1650 1136 1678 schon
1155 1649 1199 1686 lag
1218 1652 1274 1678 eins
1293 1651 1340 1680 der

222 1691 434 1720 Admirnlschiffe
453 1701 501 1719 vor
519 1691 578 1719 dem
597 1692 694 1720 Haren.
723 1691 764 1719 Da
782 1691 886 1720 endlich
908 1692 1017 1720 brachte
1035 1693 1202 1728 Pythonicus
1221 1704 1246 1722 u.
1267 1705 1288 1723 s.
1305 1705 1338 1724 w.

257 1735 278 1770 3)
306 1734 458 1763 Alcibiades
476 1744 502 1771 p.
522 1736 584 1762 208:
605 1735 670 1762 Man
689 1734 775 1763 denkc
790 1745 840 1763 nur
853 1735 948 1769 daran,
968 1737 1018 1764 wic
1034 1736 1112 1772 lunge
1126 1746 1167 1770 cs,
1187 1740 1256 1765 trotz
1271 1738 1338 1766 aller

221 1778 356 1806 offiaiellen
378 1778 622 1814 Aufforderungen,
644 1779 674 1814 ja
691 1780 760 1806 [rotz
778 1778 824 1806 der
843 1778 993 1815 Blutpreise
1012 1779 1120 1813 dnuert,
1141 1780 1188 1808 che
1207 1781 1249 1809 dic
1268 1784 1338 1810 erstc

221 1822 337 1858 Anzeige
354 1821 477 1858 gemacht
495 1821 573 1849 wird!
602 1821 767 1858 Quamquam
787 1822 978 1858 Hertzbergius
996 1832 1045 1849 suo
1063 1832 1092 1850 se
1111 1823 1200 1859 gladio
1216 1824 1336 1860 iugulat,

220 1865 267 1901 qui
290 1863 371 1901 paulo
395 1867 457 1892 ante
480 1864 520 1891 ita
544 1863 653 1892 dixerit:
680 1865 845 1895 ,Umsonnst
865 1865 1067 1893 versammelten
1086 1866 1157 1898 sich,
1174 1866 1253 1902 jcdcu
1273 1868 1337 1896 Ver-

220 1907 300 1935 dncht
322 1907 411 1936 ochus
432 1916 467 1935 zu
488 1907 683 1940 untersucheu,
707 1907 791 1934 Sonat
814 1906 867 1934 und
892 1907 963 1935 Volk
987 1907 1143 1935 wiederholt
1168 1909 1195 1935 iu
1215 1911 1336 1946 wcnigcu

220 1951 319 1987 Tagen.
354 1950 397 1978 Da
417 1951 565 1978 enuchloa
584 1960 645 1978 man
657 1950 714 1978 sich
733 1949 839 1977 endlich
851 1960 884 1977 zu
902 1950 959 1977 dem
983 1950 1112 1978 hcillosen
1131 1952 1240 1979 Dccret:
1261 1963 1337 1982 wcnn

221 1993 347 2027 Jcmmd,
366 1993 509 2030 gleichvicl
528 1993 562 2021 ob
580 1994 690 2029 Burger,
710 1993 862 2029 Fremdling
876 1993 939 2021 oder
955 1993 1070 2021 Sk1m·c·’
1089 2003 1190 2023 u.s.w.
1220 1995 1247 2023 Si
1267 1998 1337 2024 euim

223 2036 344 2068 ,tandem
363 2036 524 2072 aliqnando”
540 2036 607 2064 illud
621 2036 756 2065 decretum
772 2037 870 2064 factum
887 2039 943 2070 est,
963 2037 1043 2073 (quod
1056 2037 1210 2074 Thucydide
1229 2042 1337 2067 aucton-

220 2080 391 2116 pcrtinaciter
411 2081 489 2116 nego)
508 2090 562 2108 non
582 2079 660 2108 multi
679 2079 736 2108 dics
756 2082 817 2107 unte
838 2079 979 2115 Pythonici
999 2080 1125 2109 indicium
1145 2084 1256 2110 restant.
