1536 2526
776 200 791 230 7

220 307 284 339 dari
315 308 438 340 minime
471 311 517 340 est
546 309 755 340 necessarium.
802 307 843 339 Et
874 307 1010 351 profecto
1041 307 1095 339 illa
1125 306 1245 349 opinio,
1275 316 1336 338 non

219 367 277 399 nini
302 367 508 399 temulentiam
534 368 564 399 in
590 367 677 410 culpa
701 367 810 406 fuisse,
840 378 1031 409 nequaquam
1056 377 1124 398 cum
1147 365 1337 407 Thucydidis

218 426 388 458 narratione
412 426 570 466 convenit;
594 426 676 469 quod
700 430 804 458 contra
827 430 890 466 est,
917 438 977 458 non
1000 437 1063 458 esse
1088 429 1198 458 temere
1220 425 1336 457 facinus

218 485 428 525 commissum,
459 498 520 518 non
552 486 627 518 dicit
659 486 798 528 quidem,
832 486 882 518 sed
915 486 958 518 ita
988 497 1058 518 eum
1087 496 1206 517 censere
1236 496 1272 517 cx
1297 485 1334 516 iis

217 555 295 587 quae
319 548 419 577 narrat
442 545 558 588 liquido
582 545 778 578 demonstrari
803 549 912 588 potest.

261 604 346 636 Haec
363 604 442 636 enim
461 609 534 636 sunt
551 605 615 636 eius
635 605 740 637 verba:
765 606 818 637 xxi
843 605 912 640 τοὺς
935 604 1113 643 δράσαντας
1136 603 1199 644 ᾔδει
1218 603 1331 639 οὐδείς,

215 664 304 696 ἀλλὰ
337 664 493 703 μεγάλοις
525 665 687 705 unuh-pot„-
719 666 851 705 δημοσίᾳ
885 662 968 696 cdi-:l
998 676 1032 696 τε
1067 664 1246 704 ἑζητοῦντο,
1278 664 1331 694 xxi

216 724 336 763 προςέτι
361 724 559 763 ἐψηφίσαντο
585 725 636 756 καὶ
663 725 691 756 εἴ
717 737 764 760 τις
792 724 873 756 ἄλλο
907 737 937 756 τι
974 722 1051 756 οἶδεν
1083 724 1238 762 ἀσέβημα
1277 735 1332 761 γε·

215 783 383 822 γενημένον
407 783 532 822 μηνύειν
556 784 652 819 ἀδεῶς
673 785 724 816 τὸν
746 784 935 822 βουλόμενον
961 784 1014 815 καὶ
1036 785 1140 816 ἀστῶν
1165 784 1217 815 καὶ
1241 783 1333 822 ξένων

215 843 267 874 καὶ
289 843 413 875 δούλων.
439 843 507 875 Hoc
519 843 672 876 decretum
686 844 759 886 quid
773 844 831 875 sibi
846 844 949 883 vellet,
974 854 1051 885 quac
1069 843 1135 875 eius
1148 846 1225 875 esset
1238 843 1333 882 ratio,

214 903 297 944 quod
322 902 502 942 consilium,
526 914 613 935 nemo
641 903 839 946 Hertzbergio
858 904 882 946 ¹)
904 914 1002 945 neque
1029 902 1182 945 perspexit
1205 902 1332 942 melius,

214 973 311 1004 neque
342 962 481 994 elocutus
511 966 572 1001 est,
609 966 802 1005 quapropter,
840 966 875 994 ut
910 963 1022 1005 possim
1060 965 1203 1002 „auctore
1237 973 1333 994 meam

213 1021 372 1053 defendere
395 1021 532 1060 vocem''‚
563 1021 628 1053 eius
659 1021 749 1054 verba
780 1022 831 1054 hic
859 1033 1044 1065 proponam,
1074 1033 1258 1064 quamquam
1287 1033 1335 1053 ve-

212 1091 278 1112 reor
300 1092 337 1113 ne
361 1092 429 1113 vere
461 1081 638 1121 1barbare”,
675 1093 753 1124 quae
777 1082 827 1114 ille
852 1083 1077 1125 elegantissime
1100 1086 1130 1114 et
1156 1082 1333 1125 gravissime

211 1140 390 1172 Germanice
413 1140 510 1179 dixit,
535 1141 660 1172 vertisse
685 1141 800 1173 videar:

256 1199 358 1238 ,slllnd
388 1199 559 1237 decretum,
595 1211 656 1242 quo
696 1211 800 1232 omnes
835 1200 1036 1232 Athenienses
1060 1201 1085 1242 Β)
1117 1199 1176 1232 fide
1207 1200 1329 1242 publica

210 1259 296 1298 data,
332 1259 525 1301 praemioque
557 1260 730 1302 proposito,
761 1259 1002 1292 admonebantur
1031 1264 1082 1299 ut,
1114 1259 1267 1302 quidquid
1294 1260 1331 1292 de

210 1319 318 1360 quavis
351 1318 509 1361 impietate
538 1322 646 1351 notum
682 1319 841 1360 baberent,
877 1319 1105 1363 magistratibus
1141 1319 1329 1359 indicarent,

209 1378 290 1410 viam
313 1379 461 1418 munivit,
487 1389 578 1421 quam
601 1382 704 1421 postea
728 1379 843 1411 iudicia
865 1379 916 1411 illa
945 1380 981 1411 de
1001 1379 1233 1422 Hermocopidis
1257 1385 1328 1412 sunt

209 1441 324 1470 secuta.
360 1437 421 1469 Vix
445 1438 613 1479 quidquam
637 1438 801 1481 excogitari
826 1442 953 1481 poterat,
979 1439 1059 1480 quod
1081 1439 1219 1482 graviora
1241 1440 1326 1471 all'er-

209 1501 255 1529 ret
278 1497 420 1539 pericula.
465 1497 607 1539 Namque
639 1498 712 1530 licet
746 1498 869 1540 quidem
904 1502 1028 1541 putare,
1059 1501 1197 1531 senatum
1231 1510 1328 1541 popu-

208 1556 332 1598 lumque
354 1556 386 1588 in
410 1568 445 1588 eo
469 1557 590 1589 decreto
616 1557 770 1596 faciendo,
795 1558 909 1600 optima
933 1569 1070 1600 quaeque
1089 1558 1147 1590 sibi
1171 1559 1325 1601 proposita

209 1615 360 1648 habui-oe.
405 1615 510 1648 Videri
539 1616 601 1648 illis
629 1620 762 1659 poterat,
795 1628 811 1648 e
835 1617 989 1659 republica
1023 1627 1104 1657 csse,
1133 1618 1254 1649 tandem
1287 1619 1324 1650 dc

208 1675 354 1717 religione
392 1678 422 1707 et
457 1675 538 1707 cultu
576 1677 675 1718 patrio
712 1679 816 1708 contra
851 1676 1097 1709 contumeliosam
1135 1678 1321 1720 impietatem

207 1734 402 1767 defendendis
433 1736 584 1777 cogitare,
611 1736 830 1777 ell'renataeque
862 1736 1030 1775 iuventuti,
1060 1747 1137 1778 quae
1167 1736 1322 1779 hucusque

209 1794 348 1836 impune,
372 1794 522 1836 quidquid
547 1795 658 1837 populo
686 1806 801 1826 sacrum
826 1795 994 1833 videbatur,
1022 1795 1184 1835 deriserat,
1209 1801 1321 1828 metum

208 1853 353 1885 incutere.
399 1853 482 1893 Quin
513 1854 605 1886 etiam
633 1857 791 1896 expectare
815 1857 968 1896 poterant,
999 1854 1043 1886 ita
1067 1855 1130 1887 fieri
1155 1866 1261 1898 posse,
1288 1861 1321 1888 ut

245 2015 263 2048 Ι)
284 2013 316 2040 lu
336 2012 476 2040 Alcibiade
495 2022 520 2048 p.
541 2013 591 2040 166
609 2022 665 2048 sqq.

244 2057 266 2090 Ἰ)
295 2055 453 2084 Addendum
481 2057 534 2083 est:
566 2065 672 2085 ,omncs
700 2056 769 2083 servi
794 2059 819 2082 ct
848 2056 996 2092 pcrcgrini'’
1022 2065 1081 2083 unm
1106 2066 1137 2084 cx
1162 2057 1324 2093 Thucydidis

208 2099 358 2126 narratione
376 2108 409 2126 nc
431 2108 512 2126 uuum
532 2098 637 2134 quidem
658 2099 767 2126 vcrbuni
787 2099 844 2126 sinc
863 2098 960 2126 ‹lnmno
979 2100 1067 2128 omitti
1087 2102 1184 2137 potest.
