1536 2526
731 183 771 213 39

196 302 254 322 non
278 294 350 322 sunt
378 290 483 329 verba,
520 302 598 332 quae
632 290 747 322 Graece
782 290 934 333 leguntur,
970 292 1031 320 tam
1063 284 1192 318 absurda
1219 294 1309 326 quam

192 349 302 382 Latine
337 361 370 381 ea
406 350 480 382 sccit
506 349 655 382 Nuberus.
702 349 774 381 Nou
809 349 888 381 enim
924 348 1001 380 dicit
1034 350 1145 386 orator,
1181 343 1309 376 maiores

193 413 267 441 natu
290 409 444 441 recordari
463 410 624 441 Pisistrati
646 409 851 451 tyrannidem,
880 407 933 440 scd
963 419 994 439 se
1020 407 1051 438 in
1075 406 1140 438 eius
1162 402 1307 446 temporis

193 467 320 500 historia
351 468 497 500 narranda
527 479 587 500 non
615 479 700 510 posse
731 468 868 510 decipere
896 467 1023 498 maiores
1053 468 1139 497 natu.
1185 463 1308 495 Scilicet

191 527 256 567 illi,
291 527 409 559 etiamsi
445 538 504 559 non
539 528 764 564 interfuissent,
806 531 906 558 tamen
943 525 1040 557 multo
1074 524 1180 556 melius
1214 533 1305 564 quam

190 586 322 619 iuniores
345 598 391 619 res
415 590 487 619 tunc
511 591 612 630 gestas
631 587 706 618 scire
723 590 881 629 poterant,
906 588 1012 628 utpote
1035 583 1089 626 qui
1112 586 1211 626 patres
1234 591 1305 612 suos

190 646 239 678 vel
262 658 335 678 avos
359 646 396 678 de
420 647 458 678 iis
482 651 635 678 narrantes
659 646 855 678 audivissent.

234 706 327 746 Quod
361 706 472 738 attinet.
494 706 532 737 ad
563 709 657 738 artem
679 706 857 744 oratoriam,
882 708 954 736 sunt
977 714 1053 746 quae
1081 701 1204 734 Nubere
1227 699 1308 732 indi·

188 766 335 809 gnissima
366 765 527 797 videantur
556 769 682 797 oratore.
730 765 778 797 Ita
801 776 878 807 quae
901 766 918 807 ᾧ
940 765 994 795 24·
1017 763 1160 806 leguntur
1183 761 1219 792 de
1242 770 1305 791 cor-

188 836 260 868 pore
286 828 317 857 et
339 825 460 865 animo,
492 825 591 857 insani
616 825 772 857 cuiusdam
802 823 1007 856 deliramentis
1039 821 1184 854 similiora
1214 830 1305 863 quam

187 885 372 927 argumentis
396 895 458 916 esse
482 884 566 916 dicit.
602 883 648 916 De
671 883 730 916 loci
754 883 938 916 absurditate
958 894 1018 915 non
1042 893 1147 925 agam,
1172 881 1225 913 sed
1247 880 1305 911 hoc

186 943 273 984 dico,
299 944 484 987 discipulum
509 943 596 975 illum
621 943 762 976 Isocratis
787 943 867 975 haud
891 943 982 975 dubie
1005 942 1148 985 magistro
1174 952 1229 973 suo
1253 940 1305 972 ad-

186 1002 311 1035 modum
334 1003 427 1035 fuisse
454 1004 636 1046 probatum,
665 1003 815 1045 siquidem
839 1003 904 1035 eius
927 1002 1075 1046 opuscula
1098 1012 1161 1033 non
1183 1001 1215 1033 in
1238 1011 1305 1032 um-

185 1062 239 1095 bra
265 1063 384 1095 scholae
411 1063 597 1096 delituerunt
629 1063 681 1095 sed
714 1064 745 1094 in
772 1063 870 1095 lucem
898 1062 1087 1106 prodierunt.
1133 1062 1205 1093 Non
1232 1071 1304 1103 ergo

184 1121 311 1154 Isocrati
348 1122 445 1154 visum
479 1134 543 1154 esse
584 1123 615 1154 in
654 1123 702 1154 his
743 1123 912 1165 quidquam
952 1123 1049 1154 inesse
1091 1121 1302 1161 '‘deliramenti

183 1180 326 1221 simile‚”
349 1192 448 1223 neque
471 1182 570 1213 doctis
593 1182 816 1224 grammaticis,
841 1182 894 1224 qui
918 1182 1001 1213 illum
1022 1185 1213 1224 personatum
1239 1182 1304 1213 An-

183 1240 337 1280 docidem,
362 1241 407 1272 nil
432 1241 544 1273 fraudis
569 1242 775 1284 suspicantes,
800 1242 831 1273 in
856 1253 1000 1273 canonem
1030 1244 1090 1272 τῶν
1114 1240 1188 1272 δέκκ
1213 1240 1299 1280 ῥητό-

181 1312 236 1340 ρων
260 1306 447 1344 receperunt.
494 1301 633 1333 Profecto
668 1301 789 1344 egregie
823 1301 872 1333 ille
907 1301 1078 1333 adolescens
1107 1301 1234 1332 oratoris
1266 1301 1298 1332 in

183 1360 247 1392 soro
273 1360 378 1392 Attico
397 1364 497 1403 partes
517 1361 666 1392 sustinere
686 1360 816 1392 sciebat!
852 1361 960 1402 Neque
981 1360 1147 1402 quidquam
1172 1360 1300 1399 attinet,

182 1423 283 1451 utrum
307 1423 426 1451 nostrae
449 1420 556 1451 aetatis
575 1420 750 1452 hominibus
767 1424 874 1462 arguta
893 1419 946 1451 illa
963 1419 1156 1451 ratiocinatio
1172 1419 1300 1451 absurda

182 1478 323 1510 videatur
346 1490 457 1518 necne,
494 1480 550 1510 lioc
584 1479 664 1510 enim
703 1483 836 1518 constat,
872 1479 926 1520 qui
953 1478 1120 1510 orationem
1156 1478 1297 1520 scripsit,

180 1537 346 1569 admodum
374 1537 431 1569 sibi
464 1538 494 1569 in
526 1538 586 1569 isto
610 1538 732 1569 flosculo
754 1538 892 1570 addendo
924 1538 1090 1580 placuisse,
1121 1549 1218 1580 neque
1243 1538 1296 1570 du-

180 1596 306 1635 bitasse,
339 1597 416 1639 quin
447 1608 482 1628 eo
506 1596 631 1629 lectores
663 1597 711 1629 vel
736 1597 890 1629 auditores
920 1598 1001 1629 haud
1027 1598 1133 1629 leviter
1156 1602 1296 1630 moturus

181 1660 268 1689 esset.
317 1657 430 1699 Atqui,
458 1657 482 1688 si
513 1657 555 1688 ita
586 1657 719 1689 iudicare
753 1658 853 1699 potuit
884 1657 1054 1700 discipulus
1076 1657 1205 1690 Isocrati
1230 1670 1298 1701 pro-

181 1716 374 1756 batissimus‚
417 1716 468 1758 qui
515 1716 562 1748 vel
604 1716 702 1748 doctis
742 1717 947 1760 grammaticis
987 1717 1185 1760 imposuerit,
1221 1718 1296 1760 quid

180 1775 296 1815 obstat,
338 1776 500 1818 quominus
543 1779 573 1807 et
607 1775 758 1808 Andocidi
800 1776 842 1808 ita
878 1777 976 1808 visum
1015 1788 1078 1808 esse
1108 1789 1294 1817 censeamus,

180 1834 297 1867 homini
331 1835 362 1867 in
398 1835 464 1867 foro
503 1846 610 1877 parum
649 1838 782 1874 versato,
824 1836 935 1867 oratori
975 1847 1080 1878 parum
1115 1837 1294 1876 exercitato,

179 1894 291 1937 quippe
325 1894 378 1937 qui
412 1905 466 1937 per
495 1898 590 1926 totam
623 1895 717 1926 vitam
752 1899 799 1926 ter
832 1899 950 1927 tantum
975 1896 1023 1927 vel
1056 1900 1171 1938 quater,
1204 1896 1296 1938 idque

179 1953 356 1986 necessitate
379 1957 518 1992 coactus,
542 1965 661 1986 causam
684 1954 838 1986 oraverit?

224 2013 373 2055 Magnum
396 2017 548 2056 praeterea
571 2024 729 2045 numerum
755 2013 889 2045 locorum
919 2013 1038 2057 colligit
1065 2014 1205 2047 Naberus
1229 2016 1295 2057 qui-

179 2071 235 2104 bus
258 2071 414 2111 ostendat,
444 2076 598 2104 auctorem
630 2073 774 2104 orationis
805 2073 1028 2106 Grammaticae
1054 2085 1177 2116 graecae
1202 2074 1294 2106 fuisse
