1536 2526
756 179 792 208 15

210 284 297 323 lisse3
327 303 366 309 —-
391 286 451 324 οὐχ
475 285 551 317 οὕτω
575 286 776 324 τετύφωμαι.
825 284 917 325 Nam,
956 296 1139 327 quamquam
1165 295 1228 317 men
1262 296 1329 317 sen-

209 343 305 375 tentia
335 343 372 376 ab
403 344 568 376 Histoi-icis
599 343 814 376 recentioribus
845 349 897 376 aut
928 356 1050 387 prorsus
1082 348 1135 376 aut
1160 355 1213 386 pro
1236 343 1330 376 altem

208 405 294 444 parte
320 402 474 443 abhorret,
513 423 552 428 —
589 403 641 435 alii
678 403 757 434 enim
793 402 907 434 nullam
938 403 969 434 in
1003 403 1125 434 iudiciis
1155 407 1186 434 et
1217 403 1330 434 nefario

209 461 341 494 facinore
375 462 569 505 optimatium
605 462 725 505 culpam
760 466 908 493 versutam
941 472 1003 493 csse
1037 462 1242 500 contendunt,
1279 461 1328 493 alii

209 519 247 552 de
269 520 398 562 quadam
417 521 654 565 demugogorum
677 525 708 553 et
731 521 926 563 optimatium
943 521 1088 552 societate
1104 520 1272 562 loquuntur
1288 539 1326 544 -—

209 582 308 612 tamen
332 580 438 612 saltem
463 591 542 612 unus
566 582 689 612 πολλῶν
714 579 860 618 ἀντάξιος
886 579 1013 612 Grotius
1031 581 1055 622 ¹)
1087 579 1167 612 idem
1191 579 1228 611 de
1253 579 1328 612 Her·

209 639 376 681 mocopidis
400 643 430 671 et
453 640 596 679 iudiciis,
628 651 704 681 quae
736 640 873 672 insecuta
905 643 992 680 sunt,
1023 644 1127 671 censet
1158 639 1240 681 quod
1272 651 1328 682 ego

209 709 300 740 supra
329 699 426 730 fusius
457 700 591 741 exposui.
638 699 740 731 Unum
771 699 845 731 illud
879 710 991 731 novum
1024 710 1070 730 me
1093 699 1257 742 repperisse
1283 710 1328 730 ar-

209 756 314 797 bitror,
339 769 402 790 eam
427 758 613 801 Thucydidis
640 769 761 800 quoque
791 759 971 790 senteutiam
1006 758 1108 790 fuisse.
1155 758 1327 790 Videndum

208 827 288 849 nunc
311 817 382 856 erit,
408 828 484 859 quae
508 822 612 850 contra
637 829 702 850 eam
731 818 768 850 ab
796 817 960 849 Historicis
993 819 1167 856 afferantur,
1196 829 1255 859 qua
1279 828 1327 849 oc-

207 876 327 908 casione
350 876 441 908 simul
466 880 533 908 utar
557 881 608 916 ut,
642 877 724 918 quod
748 877 786 909 ab
814 877 904 908 initio
930 877 1005 909 mihi
1037 877 1195 919 proposui,
1227 881 1326 909 osten-

207 935 292 973 dam,
316 946 386 978 prae
406 936 563 968 Andocide
587 937 647 968 fere
676 936 846 979 neglectum
872 937 1031 978 hucusque
1057 936 1184 968 iacuisse
1207 936 1325 979 Thucy-

207 994 286 1026 didis
309 995 527 1027 testimonium.
575 995 633 1028 Sed
657 1007 751 1028 unum
781 996 990 1038 praemittam,
1020 1007 1055 1028 ex
1082 1007 1143 1038 quo
1167 1000 1325 1038 appareat,

206 1057 320 1096 quanta
350 1066 437 1097 saepe
468 1055 558 1086 etium
588 1055 619 1087 in
655 1055 742 1088 rebus
778 1055 967 1098 gravissimis
999 1055 1155 1087 doctorum
1192 1055 1324 1087 virorum

205 1114 246 1145 sit
268 1113 384 1145 incuria
407 1117 437 1146 et
459 1114 652 1157 negligentia.

249 1173 334 1214 Quin
358 1174 455 1206 oratio
478 1175 546 1214 περὶ
575 1176 633 1206 τῶν
662 1176 836 1214 μυστηρίων
867 1174 904 1207 ab
927 1175 993 1218 ipso
1024 1174 1182 1206 Andocide
1211 1175 1325 1218 scripta

206 1233 262 1269 sit.
292 1244 380 1266 nemo
412 1233 636 1266 Historicorum
665 1235 885 1274 recentiorum,
922 1245 999 1276 quos
1034 1233 1157 1276 quidem
1192 1245 1249 1277 ego
1280 1235 1323 1266 in-

206 1293 306 1335 spexi,
330 1293 452 1325 dubitat
461 1306 470 1332 ;
494 1297 672 1337 argumenta
697 1307 713 1326 a
741 1295 862 1327 Nabero
880 1295 904 1336 2)
929 1294 960 1325 in
985 1294 1194 1326 dissertatione
1217 1305 1323 1336 propo-

205 1351 264 1383 sita
286 1351 362 1383 nihil
390 1363 510 1385 movere
536 1354 616 1386 viros
640 1354 745 1386 doctos
771 1354 923 1386 videntur.
962 1353 1075 1394 Atqui,
1100 1353 1126 1384 si
1149 1352 1324 1385 Andocides

185 1410 270 1443 ·eius
293 1411 438 1444 orationis
463 1416 570 1445 auctor
592 1416 653 1453 est,
691 1413 754 1445 fieri
785 1424 846 1445 non
870 1415 981 1455 potest,
1020 1412 1094 1453 quin
1124 1412 1215 1444 fuerit
1245 1412 1324 1444 inter

205 1469 462 1514 Hermocopidas5
486 1472 536 1504 ille
560 1473 640 1504 enim
661 1473 732 1515 qui,
755 1475 791 1504 ut.
809 1472 853 1504 ait
867 1471 1076 1514 Thucydides,
1102 1470 1196 1503 ἐδόκει
1218 1472 1322 1503 αἰτιώ-

204 1541 299 1565 τατος
325 1528 421 1568 εἶναι,
454 1531 480 1563 si
511 1531 556 1564 nil
585 1531 677 1564 habet
705 1543 766 1575 quo
789 1543 821 1564 se
847 1531 1004 1571 defendat,
1033 1535 1150 1574 praeter
1178 1525 1210 1564 id
1240 1531 1322 1574 quod

205 1590 302 1632 §61¹²
334 1593 450 1622 narrat:
487 1591 679 1630 εῐςηγήσκτσ
711 1592 768 1631 μὲν
802 1591 947 1624 πινόντων
984 1592 1069 1630 ἡμῶν
1107 1591 1226 1629 ταύτην
1263 1592 1319 1628 τὴν

203 1649 321 1688 βρυλὴν
358 1649 555 1690 Εὐφίλητος,
592 1653 737 1684 ἀντεῖπον
771 1651 802 1683 δὲ
826 1651 887 1690 ἐγώ
923 1651 1008 1688 ›cr-3..
1041 1651 1141 1683 hercle
1182 1663 1214 1684 sc
1255 1652 1320 1695 ipse

204 1709 328 1742 indicat.
373 1709 483 1753 Neque
506 1710 607 1744 minus
630 1712 711 1755 apud
739 1723 844 1744 omnes
874 1714 1010 1751 constat,
1037 1711 1227 1744 Andocidem
1255 1722 1321 1744 ora-

205 1771 300 1801 torem
327 1769 360 1801 in
394 1769 470 1802 bello
504 1770 698 1814 Corcyreensi
729 1772 893 1815 praefuisse
922 1771 1028 1810 classi3
1063 1782 1139 1814 quae
1167 1771 1204 1803 de
1227 1782 1261 1803 ea
1289 1781 1320 1802 re

240 1933 260 1965 ¹)
277 1940 305 1967 p.
325 1931 390 1961 172:
415 1931 500 1964 ,Thnt
518 1933 605 1961 which
626 1933 672 1961 the
690 1931 843 1962 mutilato„
865 1933 894 1961 of
910 1933 956 1960 the
977 1932 1092 1960 Hermae
1114 1939 1184 1959 soem
1204 1933 1232 1958 to
1252 1930 1334 1965 have,

203 1973 375 2011 deliberatcly
394 1975 522 2011 plauned,
542 1976 583 2003 his
606 1976 681 2004 other
699 1976 814 2004 cncmics
833 1985 900 2004 were
923 1975 1002 2011 ready
1022 1977 1050 2002 to
1068 1976 1131 2002 turn
1149 1976 1178 2002 to
1196 1974 1300 2010 pmfit.'’

239 2021 261 2056 ²)
285 2020 313 2048 S.
337 2021 370 2049 A.
394 2020 485 2049 Nnber
507 2030 578 2058 spec.
602 2020 685 2049 Aoad.
709 2021 806 2057 lnaug.
827 2019 860 2049 de
883 2020 932 2048 fido
950 2018 1095 2048 Andocidi»
1113 2019 1242 2048 orationis
1260 2022 1317 2054 περὶ

205 2070 258 2096 τῶν
279 2067 444 2103 μυστηρίων.
472 2068 504 2097 L.
524 2068 555 2097 B.
575 2069 654 2097 1850.
