1536 2526
743 213 782 242 25

211 319 369 351 Andocide
389 330 508 361 prorsus
531 330 593 350 esse
613 319 740 350 omissos
756 321 793 360 ¹),
820 331 878 351 non
900 321 1030 362 primum
1052 320 1256 362 Pythonicum
1277 320 1327 352 ‹le-

210 379 382 417 nunciasse,
419 378 470 410 sed
503 389 570 410 eum
595 378 788 420 praecessisse
822 390 966 421 magnum
993 380 1127 411 iudicum
1152 391 1327 419 numerum,

210 437 298 469 verbo
330 437 423 469 fuisse
454 437 575 478 quidem
608 437 750 479 quasdam
786 438 947 480 Pythonici
972 439 1003 470 in
1029 439 1090 470 illis
1116 439 1238 471 iudiciis
1263 451 1327 483 par-

210 501 270 536 tes,
313 508 372 528 non
409 508 479 528 vero
517 508 582 535 eas,
623 508 695 539 quas
735 497 761 528 ei
800 497 907 528 tribuit
946 498 1128 530 Andocides.
1188 499 1226 530 Et
1262 511 1327 542 pro-

210 556 307 595 fecto,
343 557 396 598 qui
432 560 569 588 accurate
605 556 792 588 Andocidem
828 556 950 599 legerit,
987 562 1017 588 et
1053 557 1131 589 inter
1167 558 1326 600 legendum

209 627 311 648 sanam
348 619 476 648 mentem
507 615 679 647 adhibuerit
710 616 907 658 animumque
939 616 1119 655 intenderit,
1153 616 1203 649 ubi
1227 622 1328 650 orator

210 679 308 707 narrat
338 675 468 716 aliquem
503 675 599 706 virum
629 675 745 717 aliquid
778 675 900 714 secisse,
930 675 1059 714 dixisse,
1091 677 1237 716 suasisse,
1268 678 1325 710 viri

209 734 292 766 illius
324 746 431 766 nomen
456 734 594 774 habebit,
630 735 699 779 sed·
718 738 819 766 utrum
856 735 905 766 ille
940 735 971 766 id
1002 736 1108 767 fecerit
1137 735 1325 778 dixeritque,

209 795 290 836 quod
326 798 426 826 narrat
460 793 648 832 Andocides,
684 805 720 825 an
756 794 838 826 aliud
869 794 960 836 quid,
997 795 1054 826 nisi
1088 795 1208 827 aliunde
1243 802 1325 828 certo

208 857 345 892 constet,
376 865 407 885 se
438 854 523 884 iuxta
554 864 622 885 cum
656 852 855 895 ignarissimis
886 853 1024 896 ignorare
1049 854 1200 887 fatebitur.
1235 855 1325 895 Quod

210 925 247 945 ne
272 913 478 956 imprudenter
505 916 535 944 et
560 913 681 944 incaute
704 913 916 955 pronunciasse
942 913 1061 952 videar,
1093 914 1173 945 viros
1196 914 1324 946 nonnul-

209 973 271 1011 los,
295 983 420 1014 quorum
446 972 585 1011 nomina,
611 972 707 1011 facta,
732 983 819 1003 casus
842 972 922 1014 apud
947 972 1136 1004 Andocidem
1160 973 1324 1016 leguntur,

208 1031 381 1070 recensebo,
405 1036 497 1073 atque
520 1035 668 1063 oratorem
693 1030 906 1063 demonstrabo
931 1031 1005 1062 alias
1024 1035 1137 1063 certare
1157 1043 1224 1064 cum
1244 1032 1325 1064 Thu-

208 1090 332 1132 cydide,
360 1090 434 1122 alias
465 1091 621 1122 veritatem
650 1090 681 1121 in
716 1101 805 1121 suum
838 1101 924 1122 usum
958 1090 1149 1132 detorquere,
1181 1091 1256 1123 alias
1280 1093 1324 1124 in-

208 1150 290 1181 curia
313 1155 343 1181 et
367 1149 551 1192 negligentia
574 1153 626 1181 aut
649 1149 748 1192 ipsum
782 1149 840 1181 sibi
871 1149 1012 1192 obloqui,
1044 1154 1097 1181 aut
1131 1151 1162 1182 id
1189 1162 1324 1191 narrare,

207 1209 289 1251 quod
322 1211 384 1242 fieri
417 1221 570 1251 nunquam
595 1211 730 1252 potuisse
754 1209 846 1253 probe
871 1211 1027 1250 novimus,
1054 1211 1112 1242 nisi
1137 1211 1246 1243 iterum
1271 1212 1325 1243 ite-

206 1280 333 1311 rumque
356 1270 393 1302 ad
419 1270 680 1312 homonymiarum
705 1270 827 1307 συκίνην
853 1270 1026 1310 ἐπικςυρίκν
1052 1271 1271 1313 confugiamus„

249 1329 343 1361 Thuc.
373 1340 400 1361 c.
425 1330 481 1367 60,
511 1329 629 1361 anxiam
662 1330 767 1372 populi
801 1329 995 1362 Atheniensis
1026 1330 1056 1361 in
1092 1330 1325 1373 Ilcrmocopidis

205 1388 422 1431 investigandis
451 1399 554 1420 curam
583 1389 778 1431 civitatisque
808 1389 1040 1431 trepidationem
1066 1389 1252 1428 describens,
1278 1391 1324 1422 his

207 1447 304 1479 utitur
327 1447 438 1480 verbis:
464 1448 515 1478 xx}
542 1447 649 1479 πάντ-κ
675 1449 782 1483 xilv-011:
805 1448 900 1480 ἐδόκει
928 1449 977 1479 ἐπὶ
1000 1448 1176 1490 &ummo-[qe
1195 1450 1323 1488 ἐλιγκρ-

205 1511 282 1546 χικῇ
308 1506 359 1538 xxi
385 1512 548 1547 τυρκννικῇ
573 1509 770 1547 femimam.
807 1509 860 1539 xxi
881 1509 919 1543 ὡς
940 1510 1041 1540 κύτῶν
1062 1509 1112 1540 διαὶ
1134 1509 1167 1540 τὸ
1188 1512 1322 1541 wax-mv

204 1565 406 1607 ’ὀργιζομένων
428 1566 540 1598 πολλοί
559 1579 594 1598 τε
620 1567 671 1598 xxi
698 1567 856 1605 ἀξιόλογοι
881 1567 1029 1607 ἄνθρωποι
1055 1569 1108 1604 ἤδη
1137 1569 1166 1600 ἐν
1192 1570 1233 1607 τῷ
1255 1570 1322 1600 δεσ-

241 1712 260 1745 1)
290 1709 365 1737 Vidit
387 1710 436 1738 hoc
459 1710 579 1738 Nabcrus
602 1711 635 1738 de
658 1712 709 1739 fide
734 1712 879 1740 Andocidis
905 1722 942 1740 or.
967 1712 1000 1740 dc
1023 1715 1103 1749 myst.
1130 1724 1154 1749 p.
1174 1714 1221 1741 21:
1253 1714 1322 1744 ,Cur

205 1765 347 1784 memorare
374 1756 529 1793 supersedet
556 1756 714 1785 Androclem
738 1758 771 1786 de
795 1768 848 1794 quo
872 1758 947 1786 Plut.
974 1759 1031 1786 Alc.
1052 1760 1099 1786 19:
1129 1758 1156 1786 ἐν
1177 1758 1208 1786 δὲ
1230 1761 1321 1795 τούτῳ

203 1805 318 1837 δούλους
332 1807 410 1837 τινὰς
427 1808 473 1832 xx}
490 1807 635 1839 μετᾱίκσυς
652 1807 810 1842 προήγαγεν
830 1806 996 1841 Ἀνδροκλῆς
1017 1807 1068 1835 ’crs‘
1084 1806 1100 1818 ’'
1131 1808 1242 1836 Eosdem
1260 1809 1322 1836 illos

204 1851 284 1878 fuisse
308 1859 398 1878 servos
421 1853 449 1878 et
474 1851 632 1886 inquilinos,
651 1861 718 1888 quos
740 1852 820 1880 habet
837 1852 1020 1888 Thucydides,
1040 1854 1131 1889 negari
1150 1863 1203 1881 non
1224 1857 1321 1890 potest.

203 1894 298 1929 Neque
319 1894 387 1922 facio
411 1903 470 1921 cum
495 1894 615 1923 Gilberto
636 1896 745 1931 neganti
771 1906 796 1931 p.
816 1897 881 1928 268,
905 1896 1063 1924 Androclum
1086 1906 1131 1924 eos
1155 1897 1321 1933 produxisse.

204 1936 352 1964 Admodum
372 1937 440 1964 enim
459 1937 524 1964 mihi
544 1937 648 1965 videtur
667 1938 816 1974 probabile,
835 1938 994 1966 subornatos
1013 1940 1080 1967 istos
1102 1939 1214 1972 indices,
1235 1942 1320 1976 patro-

203 1988 296 2006 norum
325 1988 432 2007 suorum
462 1988 558 2012 suasu,
592 1989 644 2016 quo
681 1980 805 2007 maiorem
844 1980 951 2007 baberet
990 1981 1066 2008 fidem
1100 1981 1241 2015 indicium,
1270 1983 1319 2018 pri-

204 2031 275 2048 mum
304 2030 332 2048 so
355 2021 387 2048 ad
408 2021 575 2055 Androclcm,
606 2023 743 2058 probatum
767 2023 859 2059 populi
892 2024 1022 2051 fautorem
1051 2024 1211 2056 contulisse,
1238 2028 1319 2061 atque

203 2063 241 2090 ita
259 2063 417 2092 Androelcm
442 2065 508 2092 nihil
533 2065 712 2101 suspicantem
732 2066 844 2102 primurn
869 2065 1074 2102 demagogorum
1101 2067 1194 2100 fuisse,
1221 2069 1266 2104 qui
1290 2078 1318 2096 sc

202 2107 371 2143 optimatium
392 2108 543 2144 praebuerit
563 2109 722 2136 ministrum.
